product_name,product_description,count_of_ratings,product_price,regular_price,product_url,effect,ingredients,rating,capacity,regular_unit_price_100ml,promotion_unit_price_100ml,brand,discount,lemmatized_ingredients
Dermedic Oilage,"odżywczy krem do twarzy na dzień, 50 g",15,55.99,69.99,/dermedic-odzywczy-krem-do-twarzy-na-dzien-50g-000000000000306970.html,odżywczy,"Aqua, Glycine Soja Oil, Squalane, Cynara Scolymus Leaf Extract, Sodium Hyaluronate, Glycerin, Glycine Soja Seed Extract, Propylene Glycol, Sorbitol, Persea Gratissima Oil, Bis-PEG/PPG-20/5 PEG/PPG-20/5 Dimethicone, Methoxy PEG/PPG-25/4 Dimethicone, Caprylic/Capric Triglyceride, Oenothera Biennis Oil, Tocopheryl Acetate, Acrylates/C10-30 Alkyl Acrylate Crosspolymer, Triethanolamine, Helianthus Annuus Seed Oil, Daucus Carota Sativa Root Extract, Daucus Carota Sativa Seed Oil, Beta-Carotene, Lithospermum Officinale Root Extract, Octyldodecyl Myristate, Phenoxyethanol, Ethylhexylglycerin, DMDM Hydantoin, Iodopropynyl Butylcarbamate, Parfum",4.9,50.0,139.98,111.98,Dermedic,20.00285755107872,"water, glycine soja oil, squalane, cynara scolymus leaf extract, sodium hyaluronate, glycerin, glycine soja seed extract, propylene glycol, sorbitol, persea gratissima oil, bis - peg,ppg-20/5 peg,ppg-20/5 dimethicone, methoxy peg,ppg-25/4 dimethicone, caprylic,capric triglyceride, oenothera biennis oil, tocopheryl acetate, acrylates,c10 - 30 alkyl acrylate crosspolymer, triethanolamine, helianthus annuus seed oil, daucus carota sativa root extract, daucus carota sativa seed oil, beta - carotene, lithospermum officinale root extract, octyldodecyl myristate, phenoxyethanol, ethylhexylglycerin, dmdm hydantoin, iodopropynyl butylcarbamate, parfum"
Bandi Well Aging,"aksamitnie nawilżający krem do twarzy, 50 ml",5,74.99,74.99,/bandi-aksamitnie-nawilzajacy-krem-do-twarzy-50-ml-000000000000412782.html,nawilżający,"Aqua/Water, Coco-Caprylate/Caprate, Propanediol, Tripelargonin, Squalane, Dimethicone, Sclerocarya Birrea Seed Oil, Coconut Alkanes, Arachidyl Alcohol, Cucurbitaceae (Gourd) Extract, Vegetable Collagen, Acetyl Hexapeptide-1, Troxerutin, Butyrospermum Parkii (Shea) Butter, Glycerin, Pyrus Malus (Apple) Juice, Prunus Persica (Peach) Juice, Triticum Vulgare (Wheat) Seed Extract, Hordeum Vulgare Seed Extract, Panax Ginseng Root Extract, Lactococcus Ferment Extract, Leuconostoc/Radish Root Ferment Filtrate, Lactobacillus/Brassica Nigra Seed Ferment Extract, Pentylene Glycol, Allantoin, Behenyl Alcohol, Arachidyl Glucoside, Glyceryl Caprylate, Glyceryl Undecylenate Dilinoleic Acid/Propanediol Copolymer, Pentaerythrityl Distearate, Sodium Stearoyl Glutamate, Polysilicone-11, Sodium Polyacrylate, Caprylyl Glycol, Decyl Glucoside, Hexylene Glycol, Parfum/Fragrance, Phenoxyethanol, Ethylhexylglycerin, Citral, Citronellol, Limonene, Linalool",5.0,50.0,149.98,149.98,Bandi,0.0,"water,water, coco - caprylate,caprate, propanediol, tripelargonin, squalane, dimethicone, sclerocarya birrea seed oil, coconut alkanes, arachidyl alcohol, cucurbitaceae (gourd) extract, vegetable collagen, acetyl hexapeptide-1, troxerutin, butyrospermum parkii (shea) butter, glycerin, pyrus malus (apple) juice, prunus persica (peach) juice, triticum vulgare (wheat) seed extract, hordeum vulgare seed extract, panax ginseng root extract, lactococcus ferment extract, leuconostoc,radish root ferment filtrate, lactobacillus,brassica nigra seed ferment extract, pentylene glycol, allantoin, behenyl alcohol, arachidyl glucoside, glyceryl caprylate, glyceryl undecylenate dilinoleic acid,propanediol copolymer, pentaerythrityl distearate, sodium stearoyl glutamate, polysilicone-11, sodium polyacrylate, caprylyl glycol, decyl glucoside, hexylene glycol, parfum,fragrance, phenoxyethanol, ethylhexylglycerin, citral, citronellol, limonene, linalool"
Eveline Cosmetics,"nawilżający krem z SPF50 do twarzy, 30 ml",10,34.99,34.99,/eveline-cosmetics-nawilzajacy-krem-z-spf50-do-twarzy-30-ml-000000000000447778.html,nawilżający,"Aqua (Water)
Ethylhexyl Methoxycinnamate
Ethylhexyl Salicylate
Methylene Bis-Benzotriazolyl Tetramethylbutylphenol (nano)
C12-15 Alkyl Benzoate
Ceteareth-20
Cetyl Alcohol
Dicaprylyl Ether
Bis-Ethylhexyloxyphenol Methoxyphenyl Triazine
Diethylamino Hydroxybenzoyl Hexyl Benzoate
Tris-Biphenyl Triazine (nano)
Glyceryl Stearate
PEG-100 Stearate
Caprylic/Capric Triglyceride
Isopropyl Palmitate
Glycerin
Decyl Glucoside
Aloe Barbadensis Leaf Juice
Glycine Soja Oil
Niacinamide
Sodium Hyaluronate
Resveratrol
Tocopherol
Tocopheryl Acetate
Ascorbyl Glucoside
Hydroxypropyl Cyclodextrin
Cyclodextrin
Polydextrose
Lecithin
Carnitine
Ubiquinone
Phenoxyethanol
Hydroxyacetophenone
Ethylhexylglycerin
Potassium Sorbate
Sodium Benzoate
Hydrolyzed Wheat Protein/PVP Crosspolymer
Sodium Polyacrylate
Xanthan Gum
Acrylates/C10-30 Alkyl Acrylate Crosspolymer
Disodium Phosphate
Triethanolamine
Propylene Glycol
Butylene Glycol
Sodium Citrate
Trisodium EDTA
BHT
Citric Acid
Disodium EDTA
Parfum (Fragrance)
Benzyl Salicylate
Citronellol
Limonene
Hexyl Cinnamal
Linalool.",4.3,30.0,116.63,116.63,Eveline Cosmetics,0.0,"water (water) 
 ethylhexyl methoxycinnamate 
 ethylhexyl salicylate 
 methylene bis - benzotriazolyl tetramethylbutylphenol (nano) 
 c12 - 15 alkyl benzoate 
 ceteareth-20 
 cetyl alcohol 
 dicaprylyl ether 
 bis - ethylhexyloxyphenol methoxyphenyl triazine 
 diethylamino hydroxybenzoyl hexyl benzoate 
 tris - biphenyl triazine (nano) 
 glyceryl stearate 
 peg-100 stearate 
 caprylic,capric triglyceride 
 isopropyl palmitate 
 glycerin 
 decyl glucoside 
 aloe barbadensis leaf juice 
 glycine soja oil 
 niacinamide 
 sodium hyaluronate 
 resveratrol 
 tocopherol 
 tocopheryl acetate 
 ascorbyl glucoside 
 hydroxypropyl cyclodextrin 
 cyclodextrin 
 polydextrose 
 lecithin 
 carnitine 
 ubiquinone 
 phenoxyethanol 
 hydroxyacetophenone 
 ethylhexylglycerin 
 potassium sorbate 
 sodium benzoate 
 hydrolyzed wheat protein,pvp crosspolymer 
 sodium polyacrylate 
 xanthan gum 
 acrylates,c10 - 30 alkyl acrylate crosspolymer 
 disodium phosphate 
 triethanolamine 
 propylene glycol 
 butylene glycol 
 sodium citrate 
 trisodium edta 
 bht 
 citric acid 
 disodium edta 
 parfum (fragrance) 
 benzyl salicylate 
 citronellol 
 limonene 
 hexyl cinnamal 
 linalool."
Ziaja Baltic Home Spa Welness,"lekki krem liftingujący do twarzy, 50 ml",9,12.29,12.29,/ziaja-lekki-krem-liftingujacy-do-twarzy-50-ml-000000000000415349.html,"Liftingujące,
Nawilżające,
Uelastyczniające,
Wygładzające","Aqua (Water), Tripelargonin (C8-C12 Acid Triglyceride), Glycerin, Cetearyl Alcohol, Shea Butter Ethyl Esters, Prunus Amygdalus Dulcis (Sweet Almond) Seed Extract, Ceteareth-20, Dimethicone, Hydrogenated Coco-Glycerides, Methylsilanol Hydroxyproline Aspartate, Propylene Glycol, Prunus Amygdalus Dulcis (Sweet Almond) Oil, Theobroma Cacao (Cocoa) Seed Butter, Caprylic/Capric Triglyceride, Himanthalia Elongata Extract, CI 77891 (Titanium Dioxide), Mica, Tin Oxide, Sodium Polyacrylate, Phenoxyethanol, Ethylhexylglycerin, Parfum (Fragrance), Linalool, Benzyl Benzoate, Hexyl Cinnamal, Limonene, Geraniol, Citric Acid. Podana lista składników jest zgodna z aktualnym stanem wytwarzania na 2020-11",5.0,50.0,24.58,24.58,Ziaja,0.0,"water (water), tripelargonin (c8-c12acidtriglyceride), glycerin, cetearyl alcohol, shea butter ethyl esters, prunus amygdalus dulcis (sweetalmond) seed extract, ceteareth-20, dimethicone, hydrogenate coco - glyceride, methylsilanol hydroxyproline aspartate, propylene glycol, prunus amygdalus dulcis (sweetalmond) oil, theobroma cacao (cocoa) seed butter, caprylic,capric triglyceride, himanthalia elongata extract, ci 77891 (titaniumdioxide), mica, tin oxide, sodium polyacrylate, phenoxyethanol, ethylhexylglycerin, parfum (fragrance), linalool, benzyl benzoate, hexyl cinnamal, limonene, geraniol, citric acid. podana lista składników jest zgodna z aktualnym stanem wytwarzania na 2020 - 11"
Bandi Hydro Care,"całonocna kuracja nawilżająco-łagodząca do twarzy, 75 ml",11,74.99,74.99,/bandi-calonocna-kuracja-nawilzajaco-lagodzaca-do-twarzy-75-ml-000000000000363880.html,nawilżający,"Aqua/Water, Glycerin, Macadamia Ternifolia Seed Oil, Cetearyl Alcohol, Ethylhexyl Stearate, Isohexadecane, Cyclohexasiloxane, Dimethicone, Glyceryl Stearate, Squalane, Panthenol, Allantoin, Arnica Montana Flower Extract, Aesculus Hippocastanum Bark Extract, Triticum Vulgare (Wheat) Germ Extract, Saccharomyces Cerevisiae Extract, Sodium Hyaluronate, Propylene Glycol, Disteardimonium Hectorite, Ceteareth-20, Propylene Carbonate, Disodium EDTA, Disodium Cocoamphodiacetate, PVP, Sodium Metabisulfite, Pantolactone, Ethylhexylglycerin, Sodium Hydroxide, Parfum/Fragrance, Phenoxyethanol, Caprylhydroxamic Acid, Methylpropanediol",4.5,75.0,99.99,99.99,Bandi,0.0,"water,water, glycerin, macadamia ternifolia seed oil, cetearyl alcohol, ethylhexyl stearate, isohexadecane, cyclohexasiloxane, dimethicone, glyceryl stearate, squalane, panthenol, allantoin, arnica montana flower extract, aesculus hippocastanum bark extract, triticum vulgare (wheat) germ extract, saccharomyce cerevisiae extract, sodium hyaluronate, propylene glycol, disteardimonium hectorite, ceteareth-20, propylene carbonate, disodium edta, disodium cocoamphodiacetate, pvp, sodium metabisulfite, pantolactone, ethylhexylglycerin, sodium hydroxide, parfum,fragrance, phenoxyethanol, caprylhydroxamic acid, methylpropanediol"
Iwostin Purritin,"krem BB do twarzy SPF50+, 30 ml",5,49.99,49.99,/iwostin-krem-bb-do-twarzy-spf50-30-ml-000000000000384828.html,ochrona UV,"Aqua,Dicaprylyl Carbonate,C12-15 Alkyl Benzoate,Ethylhexyl Methoxycinnamate,Titanium Dioxide,Glycerin,Bis-Ethylhexyloxyphenol Methoxyphenyl Triazine,Butyl Methoxydibenzoylmethane,Potassium Cetyl Phosphate,Methylene Bis-Benzotriazolyl Tetramethylbutylphenol (nano),Caprylic/Capric Triglyceride,Hydrogenated Polydecene,VP/Eicosene Copolymer,Cetearyl Alcohol,Aluminum Starch Octenylsuccinate,Methyl Methacrylate Crosspolymer,Phenoxyethanol,Hydroxyethyl Acrylate/Sodium Acryloyldimethyl Taurate Copolymer,Isononyl Isononanoate,Squalane,Hydroxystearic Acid,Tocopheryl Acetate,Decyl Glucoside,Panthenol,Dimethicone,Sodium PCA,Disodium EDTA,Polysorbate 60,Ethylhexylglycerin,Laminaria Ochroleuca Extract,Parfum,Ethylene/Propylene/Styrene Copolymer,Triethoxycaprylylsilane,Sorbitan Oleate,Sorbitan Isostearate,Magnesium PCA,PEG-8,Zinc PCA,Propylene Glycol,Tocopherol,Xanthan Gum,Sodium Hyaluronate,Pantolactone,Manganese PCA,Ascorbyl Palmitate,BHT,Potassium Sorbate,Ascorbic Acid,Citric Acid,Alumina,Magnesium Oxide,CI 77492,CI 77491,CI 77499",4.3,30.0,166.63,166.63,Iwostin,0.0,"water, dicaprylyl carbonate, c12 - 15 alkyl benzoate, ethylhexyl methoxycinnamate, titanium dioxide, glycerin, bis - ethylhexyloxyphenol methoxyphenyl triazine, butyl methoxydibenzoylmethane, potassium cetyl phosphate, methylene bis - benzotriazolyl tetramethylbutylphenol (nano),caprylic,capric triglyceride, hydrogenated polydecene, vp,eicosene copolymer, cetearyl alcohol, aluminum starch octenylsuccinate, methyl methacrylate crosspolymer, phenoxyethanol, hydroxyethyl acrylate,sodium acryloyldimethyl taurate copolymer, isononyl isononanoate, squalane, hydroxystearic acid, tocopheryl acetate, decyl glucoside, panthenol, dimethicone, sodium pca, disodium edta, polysorbate 60,ethylhexylglycerin, laminaria ochroleuca extract, parfum, ethylene,propylene,styrene copolymer, triethoxycaprylylsilane, sorbitan oleate, sorbitan isostearate, magnesium pca, peg-8,zinc pca, propylene glycol, tocopherol, xanthan gum, sodium hyaluronate, pantolactone, manganese pca, ascorbyl palmitate, bht, potassium sorbate, ascorbic acid, citric acid, alumina, magnesium oxide, ci 77492,ci 77491,ci 77499"
Ava Red Wine,"krem do twarzy na dzień, 50 ml",6,34.99,34.99,/ava-krem-do-twarzy-na-dzien-50-ml-000000000000379323.html,"Liftingujące,
Odżywcze,
Pielęgnujące,
Przeciwstarzeniowe,
Uelastyczniające","Aqua, Isopropyl Myristate, Glyceryl Stearate, Caprylic/Capric Triglyceride, Glycerin, Cetearyl Alcohol, Cocos Nucifera Oil, Vitis Vinifera Seed Oil, Propanediol, Butyrospermum Parkii Butter, Prunus Amygdalus Dulcis Oil, Vitis Vinifera Vine Extract, Vitis Vinifera Seed Extract, Trifolium Pratense Extract, Beta Sistosterol, Squalene, Glycine Soja Oil, Tocopherol, Xanthan Gum, Olus Oil, Ceteareth-20, Ceteareth-12, Cetyl Palmitate, Phenoxyethanol, Ethylhexylglycerin, Citric Acid, Sodium Benzoate, Potassium Sorbate, Parfum",4.7,50.0,69.98,69.98,Ava,0.0,"water, isopropyl myristate, glyceryl stearate, caprylic,capric triglyceride, glycerin, cetearyl alcohol, cocos nucifera oil, vitis vinifera seed oil, propanediol, butyrospermum parkii butter, prunus amygdalus dulcis oil, vitis vinifera vine extract, vitis vinifera seed extract, trifolium pratense extract, beta sistosterol, squalene, glycine soja oil, tocopherol, xanthan gum, olus oil, ceteareth-20, ceteareth-12, cetyl palmitate, phenoxyethanol, ethylhexylglycerin, citric acid, sodium benzoate, potassium sorbate, parfum"
Herla Hydra Plants Limited Edition,"krem do twarzy na noc, 50 ml",60,39.99,139.99,/herla-krem-do-twarzy-na-noc-50-ml-000000000000408163.html,"Nawilżające,
Przeciwstarzeniowe","Aqua, Isoamyl Laurate, Glycerin, Dicaprylyl Carbonate, Glyceryl Stearate, Simmondsia Chinensis Seed Oil, Sodium Stearoyl Glutamate, Cetearyl Alcohol, Vitis Vinifera Seed Oil, Butyrospermum Parkii Butter, Sclerocarya Birrea Kernel Oil, Hydrogenated Ethylhexyl Olivate, Isopropyl Isostearate, Sodium Polyacrylate, Parfum, Rubus Idaeus Fruit Extract, Fragaria Ananassa Fruit Extract, Actinidia Chinensis Fruit Extract, Pyrus Malus Fruit Extract, Prunus Persica Fruit Extract, Carica Papaya Fruit Extract, Cucumis Sativus Fruit Extract, Xylitylglucoside, Anhydroxylitol, Xylitol, Helianthus Annus Seed Oil, Hydrogenated Olive Oil Unsaponifiables, Sodium Hyaluronate, Persea Gratissima Butter, Isoamyl Cocoate, Trehalose, Allantoin, Tocopherol (mixed), Beta-Sitosterol, Squalene, Xanthan Gum, Hydroxyacetophenone, 1,2-Hexanediol, Caprylyl Glycol, Disodium EDTA.",4.9,50.0,279.98,79.98,Herla,71.43367383384526,"water, isoamyl laurate, glycerin, dicaprylyl carbonate, glyceryl stearate, simmondsia chinensis seed oil, sodium stearoyl glutamate, cetearyl alcohol, vitis vinifera seed oil, butyrospermum parkii butter, sclerocarya birrea kernel oil, hydrogenate ethylhexyl olivate, isopropyl isostearate, sodium polyacrylate, parfum, rubus idaeus fruit extract, fragaria ananassa fruit extract, actinidia chinensis fruit extract, pyrus malus fruit extract, prunus persica fruit extract, carica papaya fruit extract, cucumis sativus fruit extract, xylitylglucoside, anhydroxylitol, xylitol, helianthus annus seed oil, hydrogenate olive oil unsaponifiable, sodium hyaluronate, persea gratissima butter, isoamyl cocoate, trehalose, allantoin, tocopherol (mixed), beta - sitosterol, squalene, xanthan gum, hydroxyacetophenone, 1,2 - hexanediol, caprylyl glycol, disodium edta."
Tołpa Dermo Men Hydro,"intensywnie nawilżający wodny żel, 75 ml",7,27.29,38.99,/tolpa-intensywnie-nawilzajacy-wodny-zel-75-ml-000000000000362554.html,nawilżający,"Aqua, Alcohol Denat., Hydroxyethyl Urea, Olive Oil Polyglyceryl-4 Esters, Parfum, Panthenol, Aesculus Hippocastanum Seed Extract, Triticum Vulgare Germ Extract, Saccharomyces Cerevisiae Extract, Sodium Hyaluronate, Disodium Cocoamphodiacetate, PVP, Pantolactone, Carbomer, Polysorbate 20, Peat Extract, Disodium EDTA, Sodium Metabisulfite, Ethylhexylglycerin, Sodium Hydroxide, Methylpropanediol, Benzoic Acid, Phenoxyethanol, Caprylyl Glycol.",5.0,75.0,51.99,36.39,Tołpa,30.007694280584772,"water, alcohol denat., hydroxyethyl urea, olive oil polyglyceryl-4 ester, parfum, panthenol, aesculus hippocastanum seed extract, triticum vulgare germ extract, saccharomyce cerevisiae extract, sodium hyaluronate, disodium cocoamphodiacetate, pvp, pantolactone, carbomer, polysorbate 20, peat extract, disodium edta, sodium metabisulfite, ethylhexylglycerin, sodium hydroxide, methylpropanediol, benzoic acid, phenoxyethanol, caprylyl glycol."
Tołpa Dermo Face Rosacal,"regenerujący krem wzmacniający, noc, 40 ml",23,47.99,47.99,/tolpa-regenerujacy-krem-do-twarzy-na-noc-40ml-000000000000241811.html,regenerujący,"Aqua, C12-15 Alkyl Benzoate, Glycerin, Cetearyl Alcohol, Butyrospermum Parkii Butter, Caprylic/Capric Triglyceride, Hexyldecanol, Peat Extract, Ceteareth-20, Parfum, Sea Water, Sodium Polyacrylate, Cucurbita Pepo Seed Extract, Hibiscus Esculentus Seed Extract, Sophora Japonica Flower Extract, Hedera Helix Extract, Arnica Montana Flower Extract, Hamamelis Virginiana Extract, Hypericum Perforatum Flower Extract, Aesculus Hippocastanum Seed Extract, Vitis Vinifera Leaf Extract, Argania Spinosa Kernel Extract, Hydrolyzed Soy Protein, Isohexadecane, Tetrasodium EDTA, Propylene Glycol, Sodium Cocoyl Glutamate, Potassium Phosphate, Carbomer, Sodium Hydroxide, Sodium Acrylate/Sodium Acryloyldimethyl Taurate Copolymer, Polysorbate 80, Sorbitan Oleate, Citric Acid, Caprylyl Glycol, Phenoxyethanol, Potassium Sorbate, Sodium Benzoate, Methylpropanediol, Benzoic Acid",4.200000000000001,40.0,119.98,119.98,Tołpa,0.0,"water, c12 - 15 alkyl benzoate, glycerin, cetearyl alcohol, butyrospermum parkii butter, caprylic,capric triglyceride, hexyldecanol, peat extract, ceteareth-20, parfum, sea water, sodium polyacrylate, cucurbita pepo seed extract, hibiscus esculentus seed extract, sophora japonica flower extract, hedera helix extract, arnica montana flower extract, hamamelis virginiana extract, hypericum perforatum flower extract, aesculus hippocastanum seed extract, vitis vinifera leaf extract, argania spinosa kernel extract, hydrolyzed soy protein, isohexadecane, tetrasodium edta, propylene glycol, sodium cocoyl glutamate, potassium phosphate, carbomer, sodium hydroxide, sodium acrylate,sodium acryloyldimethyl taurate copolymer, polysorbate 80, sorbitan oleate, citric acid, caprylyl glycol, phenoxyethanol, potassium sorbate, sodium benzoate, methylpropanediol, benzoic acid"
Uzdrovisco Rokitnik,"całodniowy krem odżywczy do twarzy, 50 ml",11,34.19,56.99,/uzdrovisco-calodniowy-krem-odzywczy-do-twarzy-50-ml-000000000000363256.html,odżywczy,"INCI: Aqua/ Water, Butyrospermum Parkii (Shea) Butter, Cocos Nucifera (Coconut) Oil, Glycerin, Tripelargonin, Glyceryl Stearate, Magnesium Aluminum Silicate, Shea Butter Ethyl Esters, Cetearyl Alcohol, Aloe Barbadensis Leaf Juice, Pseudozyma Epicola/ Apricot Kernel Oil/ Olive Fruit Oil/ Sunflower Seed Oil/ Sweet Almond Oil/ Angelica Gigas Root Extract Ferment Extract Filtrate, Squalane, Maltodextrin, Hippophae Rhamnoides Kernel Extract, Epigallocatechin Gallatyl Glucoside, Gallyl Glucoside, Propyl Gallate, Sodium Stearoyl Glutamate, Xanthan Gum, Caprylyl Glycol, Citric Acid, Parfum/ Fragrance, Hydroxyacetophenone, 1,2-Hexanediol, Benzyl Alcohol, Dehydroacetic Acid",4.3,50.0,113.98,68.38,Uzdrovisco,40.00701877522373,"inci: water/ water, butyrospermum parkii (shea) butter, cocos nucifera (coconut) oil, glycerin, tripelargonin, glyceryl stearate, magnesium aluminum silicate, shea butter ethyl esters, cetearyl alcohol, aloe barbadensis leaf juice, pseudozyma epicola/ apricot kernel oil/ olive fruit oil/ sunflower seed oil/ sweet almond oil/ angelica gigas root extract ferment extract filtrate, squalane, maltodextrin, hippophae rhamnoides kernel extract, epigallocatechin gallatyl glucoside, gallyl glucoside, propyl gallate, sodium stearoyl glutamate, xanthan gum, caprylyl glycol, citric acid, parfum/ fragrance, hydroxyacetophenone, 1,2 - hexanediol, benzyl alcohol, dehydroacetic acid"
Bielenda Good Skin Acid Peel,"mikrozłuszczający krem do twarzy, 50 ml",8,22.79,37.99,/bielenda-mikrozluszczajacy-krem-do-twarzy-50-ml-000000000000387060.html,Złuszczające,"Aqua (Water),Ethylhexyl Stearate,Niacinamide,Persea Gratissima (Avocado) Oil,Butyrospermum Parkii (Shea) Butter,Theobroma Cacao (Cocoa) Seed Butter,Propanediol,Glycerin,Oryza Sativa (Rice) Starch,Cetearyl Alcohol,Glyceryl Stearate,Mandelic Acid,Lactobionic Acid,Panthenol,Allantoin,Vegetable Oil,Potassium Cetyl Phosphate,Sodium Stearoyl Glutamate,Xanthan Gum,Disodium EDTA,Ethylhexylglycerin,Phenoxyethanol,Parfum (Fragrance),Limonene,Linalool",3.6,50.0,75.98,45.58,Bielenda,40.01052908660174,"water (water),ethylhexyl stearate, niacinamide, persea gratissima (avocado) oil, butyrospermum parkii (shea) butter, theobroma cacao (cocoa) seed butter, propanediol, glycerin, oryza sativa (rice) starch, cetearyl alcohol, glyceryl stearate, mandelic acid, lactobionic acid, panthenol, allantoin, vegetable oil, potassium cetyl phosphate, sodium stearoyl glutamate, xanthan gum, disodium edta, ethylhexylglycerin, phenoxyethanol, parfum (fragrance),limonene, linalool"
La Roche-Posay Anthelios UVMune,"fluid ochronny SPF50+, 50 ml",19,89.99,113.99,/la-roche-posay-fluid-ochronny-spf50-50-ml-000000000000435255.html,ochrona UV,"AQUA/WATER/EAU, ALCOHOL DENAT., TRIETHYL CITRATE, DIISOPROPYL SEBACATE, SILICA, BIS-ETHYLHEXYLOXYPHENOL METHOXYPHENYL TRIAZINE, ETHYLHEXYL SALICYLATE, ETHYLHEXYL TRIAZONE, BUTYL METHOXYDIBENZOYLMETHANE, GLYCERIN, PROPANEDIOL, C12-22 ALKYL ACRYLATE/HYDROXYETHYLACRYLATE COPOLYMER, C12-15 ALKYL BENZOATE, SODIUM CITRATE, METHOXYPROPYLAMINO CYCLOHEXENYLIDENE ETHOXYETHYLCYANOACETATE, PERLITE, TOCOPHEROL, CAPRYLIC/CAPRIC TRIGLYCERIDE, ACRYLATES/C10-30 ALKYL ACRYLATE CROSSPOLYMER, BIXA ORELLANA SEED EXTRACT, CAPRYLYL GLYCOL, CITRIC ACID, DIETHYLAMINO HYDROXYBENZOYL HEXYL BENZOATE, DROMETRIZOLE TRISILOXANE, HYDROXYACETOPHENONE, HYDROXYETHYLCELLULOSE, MALTODEXTRIN, PENTYLENE GLYCOL, SILICA SILYLATE, TEREPHTHALYLIDENE DICAMPHOR SULFONIC ACID, TRIETHANOLAMINE, TRISODIUM ETHYLENEDIAMINE DISUCCINATE, ZINC PCA, PARFUM/FRAGRANCE",5.0,50.0,227.98,179.98,La Roche-Posay,21.054478463023074,"water,water,eau, alcohol denat., triethyl citrate, diisopropyl sebacate, silica, bis - ethylhexyloxyphenol methoxyphenyl triazine, ethylhexyl salicylate, ethylhexyl triazone, butyl methoxydibenzoylmethane, glycerin, propanediol, c12 - 22 alkyl acrylate,hydroxyethylacrylate copolymer, c12 - 15 alkyl benzoate, sodium citrate, methoxypropylamino cyclohexenylidene ethoxyethylcyanoacetate, perlite, tocopherol, caprylic,capric triglyceride, acrylates,c10 - 30 alkyl acrylate crosspolymer, bixa orellana seed extract, caprylyl glycol, citric acid, diethylamino hydroxybenzoyl hexyl benzoate, drometrizole trisiloxane, hydroxyacetophenone, hydroxyethylcellulose, maltodextrin, pentylene glycol, silica silylate, terephthalylidene dicamphor sulfonic acid, triethanolamine, trisodium ethylenediamine disuccinate, zinc pca, parfum,fragrance"
Bandi Veno Care,"krem wyrównujący koloryt do twarzy, 30 ml",10,54.99,54.99,/bandi-krem-wyrownujacy-koloryt-do-twarzy-30-ml-000000000000351190.html,"Kojące,
Łagodzące,
Nawilżające,
Ochronne,
Tonujące","Aqua/Water, Cyclopentasiloxane, Talc, Propylene Glycol, Ethylhexyl Methoxycinnamate, Stearoxy Dimethicone, Titanium Dioxide , Ethylhexyl Stearate, Nylon-12, Tripelargonin, Cetyl PEG/PPG-10/1 Dimethicone, Polyglyceryl-4 Isostearate, Hexyl Laurate, Tocopheryl Acetate, Arnica Montana Flower Extract, Aesculus Hippocastanum Bark Extract, Hydrolyzed Glycosaminoglycans, Glycerin, Sodium Chloride, Potassium Phosphate, Cera Microcristallina/ Microcrystalline Wax, Cyclohexasiloxane, Hydrogenated Castor Oil, Hydrogenated Lecithin, Dimethicone, Trimethylsiloxysilicate, Triethoxycaprylylsilane, Disodium Phosphate, BHA, Parfum/Fragrance, Phenoxyethanol, Ethylhexylglycerin, Citronellol, Linalool, Titanium Dioxide (CI 77891), Iron Oxide Yellow (CI 77492), Iron Oxide Red (CI 77491), Iron Oxide Black (CI 77499)",4.0,30.0,183.3,183.3,Bandi,0.0,"water,water, cyclopentasiloxane, talc, propylene glycol, ethylhexyl methoxycinnamate, stearoxy dimethicone, titanium dioxide, ethylhexyl stearate, nylon-12, tripelargonin, cetyl peg,ppg-10/1 dimethicone, polyglyceryl-4 isostearate, hexyl laurate, tocopheryl acetate, arnica montana flower extract, aesculus hippocastanum bark extract, hydrolyzed glycosaminoglycans, glycerin, sodium chloride, potassium phosphate, cera microcristallina/ microcrystalline wax, cyclohexasiloxane, hydrogenated castor oil, hydrogenate lecithin, dimethicone, trimethylsiloxysilicate, triethoxycaprylylsilane, disodium phosphate, bha, parfum,fragrance, phenoxyethanol, ethylhexylglycerin, citronellol, linalool, titanium dioxide (ci77891), iron oxide yellow (ci77492), iron oxide red (ci77491), iron oxide black (ci77499)"
Yumi Holy C,"krem-sorbet do twarzy, 50 ml",32,29.99,29.99,/yumi-krem-sorbet-do-twarzy-50-ml-000000000000401355.html,Nawilżające,"Skład/INCI: Aqua, Caprylic/Capric Triglyceride, Helianthus Annuus Seed Oil, Isopropyl Palmitate, Glyceryl Stearate Citrate, Cetyl Alcohol, Ascorbic Acid, Vitis Vinifera Seed Oil, Aloe Barbadensis Leaf Juice, Citrus Limon Juice, Prunus Armeniaca Juice, Hippophae Rhamnoides Fruit Oil, Sodium Ascorbyl Phosphate, Inulin, Tocopherol, Fructose, Gluconolactone, Oryza Sativa Starch, Glycerin, Xanthan Gum, Trisodium Ethylenediamine Disuccinate, Sodium Benzoate, Potassium Sorbate, Citric Acid, Sodium Hydroxide, Parfum, Hexyl Cinnamal, Linalool, Limonene, Geraniol, Citronellol.",3.7,50.0,59.98,59.98,Yumi,0.0,"skład,inci: water, caprylic,capric triglyceride, helianthus annuus seed oil, isopropyl palmitate, glyceryl stearate citrate, cetyl alcohol, ascorbic acid, vitis vinifera seed oil, aloe barbadensis leaf juice, citrus limon juice, prunus armeniaca juice, hippophae rhamnoide fruit oil, sodium ascorbyl phosphate, inulin, tocopherol, fructose, gluconolactone, oryza sativa starch, glycerin, xanthan gum, trisodium ethylenediamine disuccinate, sodium benzoate, potassium sorbate, citric acid, sodium hydroxide, parfum, hexyl cinnamal, linalool, limonene, geraniol, citronellol."
Bergamo Collagen,"ujędrniający krem do twarzy, 50 g",31,49.99,49.99,/bergamo-ujedrniajacy-krem-do-twarzy-50-g-000000000000411833.html,ujędrniający,"Aqua, Mineral Oil, Glycerin, Dipropylene Glycol, Cetyl Ethylhexanoate, Stearic Acid, Beeswax, Hydrogenated Polydecene,Cetearyl Alcohol,Glyceryl Stearate, Butyrospermum Parkii (Shea Butter), Sorbitan Stearate,PEG-100, Stearate,Dimethicone,Phenoxyethanol,Carbomer,Arginine, Beta-Glucan, Soluble Collagen, Hydrolyzed Collagen, Hamamelis Virginiana(Witch Hazel) Leaf EXTRACT, Allantoin, Disodium EDTA, Adenosine, Parfum, CI 15985",4.8,50.0,99.98,99.98,Bergamo,0.0,"water, mineral oil, glycerin, dipropylene glycol, cetyl ethylhexanoate, stearic acid, beeswax, hydrogenated polydecene, cetearyl alcohol, glyceryl stearate, butyrospermum parkii (sheabutter), sorbitan stearate, peg-100, stearate, dimethicone, phenoxyethanol, carbomer, arginine, beta - glucan, soluble collagen, hydrolyzed collagen, hamamelis virginiana(witchhazel) leaf extract, allantoin, disodium edta, adenosine, parfum, ci 15985"
Tołpa Dermo Face Relift 45+,"liftingujący krem rozświetlający, dzień, SPF15, 40 ml",10,54.99,54.99,/tolpa-krem-do-twarzy-40ml-000000000000226722.html,ochrona UV,"Aqua, C12-15 Alkyl Benzoate, Glycerin, Ethylhexyl Methoxycinnamate, Diethylamino Hydroxybenzoyl Hexyl Benzoate, Butylene Glycol, Ethylhexyl Palmitate, Cetearyl Alcohol, Peat Extract, Ceteareth-20, Mica, Cetyl Alcohol, Aluminum Starch Octenylsuccinate, Alpinia Galanga Extract, Menyanthes Trifoliata Leaf Extract, Enteromorpha Compressa Extract, Malpighia Glabra Fruit Extract, Acetyl Dipeptide-1 Cetyl Ester, Macadamia Ternifolia Seed Oil, Olus Oil, Tocopherol, Caprylic/Capric Triglyceride, Xanthan Gum, Magnesium Aluminum Silicate, Caesalpinia Spinosa Gum, Carbomer, Hydroxyethylcellulose, Sorbitan Laurate, Disodium EDTA, Parfum, Pentylene Glycol, Sodium Hydroxide, Methylpropanediol, Caprylyl Glycol, Benzoic Acid, Phenoxyethanol, Potassium Sorbate, Sodium Benzoate, Tin Oxide, CI 77891.",4.8,40.0,137.48,137.48,Tołpa,0.0,"water, c12 - 15 alkyl benzoate, glycerin, ethylhexyl methoxycinnamate, diethylamino hydroxybenzoyl hexyl benzoate, butylene glycol, ethylhexyl palmitate, cetearyl alcohol, peat extract, ceteareth-20, mica, cetyl alcohol, aluminum starch octenylsuccinate, alpinia galanga extract, menyanthes trifoliata leaf extract, enteromorpha compressa extract, malpighia glabra fruit extract, acetyl dipeptide-1 cetyl ester, macadamia ternifolia seed oil, olus oil, tocopherol, caprylic,capric triglyceride, xanthan gum, magnesium aluminum silicate, caesalpinia spinosa gum, carbomer, hydroxyethylcellulose, sorbitan laurate, disodium edta, parfum, pentylene glycol, sodium hydroxide, methylpropanediol, caprylyl glycol, benzoic acid, phenoxyethanol, potassium sorbate, sodium benzoate, tin oxide, ci 77891."
Tołpa Dermo Face Modelar 50+,"krem modelujący owal twarzy, noc, 40 ml",12,59.99,59.99,/tolpa-krem-do-twarzy-40ml-000000000000226729.html,"Modelujące,
Odbudowujące,
Regenerujące","Aqua, Glycerin, C12-15 Alkyl Benzoate, Butyrospermum Parkii Butter, Macadamia Ternifolia Seed Oil, Hexyldecanol, Glyceryl Stearate SE, Peat Extract, Citrus Unshiu Peel Extract, Cetearyl Alcohol, Olus Oil, Aluminum Starch Octenylsuccinate, Cetyl Alcohol, Hydrolyzed Wheat Protein, Malpighia Glabra Fruit Extract, Argania Spinosa Kernel Extract, Ceteareth-20, Glyceryl Stearate, Tetrasodium EDTA, Sodium Acrylate/Sodium Acryloyldimethyl Taurate Copolymer, Isohexadecane, Polysorbate 80, Sorbitan Oleate, Tocopherol, Sodium Citrate, Citric Acid, Carbomer, Sodium Hydroxide, Xanthan Gum, Magnesium Aluminum Silicate, PVP, Biotin, Sodium Cocoyl Glutamate, Parfum, Methylpropanediol, Benzyl Alcohol, Salicylic Acid, Sorbic Acid, Phenoxyethanol, Sodium Benzoate, Potassium Sorbate, Caprylyl Glycol, Benzoic Acid.",4.7,40.0,149.98,149.98,Tołpa,0.0,"water, glycerin, c12 - 15 alkyl benzoate, butyrospermum parkii butter, macadamia ternifolia seed oil, hexyldecanol, glyceryl stearate se, peat extract, citrus unshiu peel extract, cetearyl alcohol, olus oil, aluminum starch octenylsuccinate, cetyl alcohol, hydrolyzed wheat protein, malpighia glabra fruit extract, argania spinosa kernel extract, ceteareth-20, glyceryl stearate, tetrasodium edta, sodium acrylate,sodium acryloyldimethyl taurate copolymer, isohexadecane, polysorbate 80, sorbitan oleate, tocopherol, sodium citrate, citric acid, carbomer, sodium hydroxide, xanthan gum, magnesium aluminum silicate, pvp, biotin, sodium cocoyl glutamate, parfum, methylpropanediol, benzyl alcohol, salicylic acid, sorbic acid, phenoxyethanol, sodium benzoate, potassium sorbate, caprylyl glycol, benzoic acid."
Ziaja Witamina C.B3,"krem-maska do twarzy na noc, 50 ml",6,12.29,12.29,/ziaja-krem-maska-do-twarzy-na-noc-50-ml-000000000000438356.html,Odżywcze,"Aqua (Water), Octyldodecanol, Canola Oil, Cetyl Alcohol, Glyceryl Stearate, PEG-100 Stearate, Dimethicone, Cetyl Palmitate, Glycerin, Butyrospermum Parkii (Shea) Butter, Propylene Glycol, Sodium Acrylate/Sodium Acryloyldimethyl Taurate Copolymer, Isohexadecane, Polysorbate 80, Hydrolyzed Rice Protein, Niacinamide, Calcium Pantothenate, Sodium Ascorbyl Phosphate, Tocopheryl Acetate, Pyridoxine HCl, Maltodextrin, Sodium Starch Octenylsuccinate, Silica, Camellia Japonica Seed Oil, Xanthan Gum, Cetyl Hydroxyethylcellulose, Disodium EDTA, Hydroxyacetophenone, Methylparaben, Parfum (Fragrance), Linalool, Geraniol, Limonene, Citric Acid.",4.7,50.0,24.58,24.58,Ziaja,0.0,"water (water), octyldodecanol, canola oil, cetyl alcohol, glyceryl stearate, peg-100 stearate, dimethicone, cetyl palmitate, glycerin, butyrospermum parkii (shea) butter, propylene glycol, sodium acrylate,sodium acryloyldimethyl taurate copolymer, isohexadecane, polysorbate 80, hydrolyzed rice protein, niacinamide, calcium pantothenate, sodium ascorbyl phosphate, tocopheryl acetate, pyridoxine hcl, maltodextrin, sodium starch octenylsuccinate, silica, camellia japonica seed oil, xanthan gum, cetyl hydroxyethylcellulose, disodium edta, hydroxyacetophenone, methylparaben, parfum (fragrance), linalool, geraniol, limonene, citric acid."
Vichy Capital Soleil,"mleczko do opalania SPF30, 300 ml",10,114.99,114.99,/vichy-mleczko-do-opalania-spf30-300-ml-000000000000232592.html,ochrona UV,AQUA / WATER • C12-15 ALKYL BENZOATE • GLYCERIN • PROPYLENE GLYCOL • ISOHEXADECANE • TITANIUM DIOXIDE [NANO] / TITANIUM DIOXIDE • BUTYL METHOXYDIBENZOYLMETHANE • NYLON-12 • OCTOCRYLENE • ZEA MAYS STARCH / CORN STARCH • ALCOHOL DENAT. • POTASSIUM CETYL PHOSPHATE • SYNTHETIC WAX • ETHYLHEXYL TRIAZONE • ACRYLATES/C10-30 ALKYL ACRYLATE CROSSPOLYMER • ALUMINUM HYDROXIDE • BIS-ETHYLHEXYLOXYPHENOL METHOXYPHENYL TRIAZINE • CAPRYLYL GLYCOL • DIMETHICONE • DISODIUM EDTA • DROMETRIZOLE TRISILOXANE • GLYCERYL STEARATE • PALMITIC ACID • PEG-100 STEARATE • PHENOXYETHANOL • SILICA [NANO] / SILICA • STEARIC ACID • TOCOPHEROL • TRIETHANOLAMINE • XANTHAN GUM • PARFUM / FRAGRANCE (F.I.L. B49209/3).,5.0,300.0,38.33,38.33,Vichy,0.0,",,c12 - 15 alkyl benzoate,glycerin,propylene glycol,isohexadecane,titanium dioxide, nano ],titanium dioxide,butyl methoxydibenzoylmethane,nylon-12,octocrylene,zea mays starch,corn starch,alcohol denat.,potassium cetyl phosphate,synthetic wax,ethylhexyl triazone,acrylate,c10 - 30 alkyl acrylate crosspolymer,aluminum hydroxide,bis - ethylhexyloxyphenol methoxyphenyl triazine,caprylyl glycol,dimethicone,disodium edta,drometrizole trisiloxane,glyceryl stearate,palmitic acid,peg-100 stearate,phenoxyethanol,silica, nano ],silica,stearic acid,tocopherol,triethanolamine,xanthan gum,parfum,fragrance f.i.l.b49209/3."
Nacomi Glass Skin,"nawilżający krem do twarzy na dzień, 40 ml",9,21.59,35.99,/nacomi-nawilzajacy-krem-do-twarzy-na-dzien-40-ml-000000000000433320.html,nawilżający,"Aqua, Butyrospermum Parkii Butter, Glyceryl Stearate, Olea Europaea Fruit Oil, Prunus Amygdalus Dulcis Oil, Glycerin, Niacinamide, Propanediol, Trehalose, Caprylic/Capric Triglyceride, Polyglyceryl-6 Palmitate/Succinate, Cetearyl Alcohol, Hydrogenated Farnesene, Hoya Lacunosa Flower Extract, Apium Graveolens Seed Extract, Linum Usitatissimum Seed Extract, Palmitoyl Pentapeptide-4, Palmitoyl Tetrapeptide-10, Hydrogenated Lecithin, Tocopherol, Tocopheryl Acetate, Tetrasodium Glutamate Diacetate, Polysorbate 80, Cetyl Palmitate, Sorbitan Stearate, Sorbitan Trioleate, Sodium Hydroxide, Xanthan Gum, Lactic Acid, Citric Acid, Parfum, Potassium Sorbate, Sodium Benzoate",4.5,40.0,89.98,53.97,Nacomi,40.01111419838844,"water, butyrospermum parkii butter, glyceryl stearate, olea europaea fruit oil, prunus amygdalus dulcis oil, glycerin, niacinamide, propanediol, trehalose, caprylic,capric triglyceride, polyglyceryl-6 palmitate,succinate, cetearyl alcohol, hydrogenate farnesene, hoya lacunosa flower extract, apium graveolens seed extract, linum usitatissimum seed extract, palmitoyl pentapeptide-4, palmitoyl tetrapeptide-10, hydrogenate lecithin, tocopherol, tocopheryl acetate, tetrasodium glutamate diacetate, polysorbate 80, cetyl palmitate, sorbitan stearate, sorbitan trioleate, sodium hydroxide, xanthan gum, lactic acid, citric acid, parfum, potassium sorbate, sodium benzoate"
Yasumi,"krem głęboko nawilżający do twarzy, 50 ml",8,65.79,93.99,/yasumi-krem-gleboko-nawilzajacy-do-twarzy-50-ml-000000000000384082.html,nawilżający,"AQUA, OCTYLDODECANOL, DECYL OLEATE, GLYCOL STEARATE, CETEARYL ALCOHOL, GLYCERYL STEARATE, CETEARETH-20, PROPYLENE GLYCOL, TRITICUM VULGARE GERM OIL, LITHOTAMNION CALCAREUM EXTRACT, LAMINARIA DIGITATA EXTRACT, CHONDRUS CRISPUS EXTRACT, SOLUBLE COLLAGEN, SODIUM PCA, TOCOPHERYL ACETATE, TOCOPHEROL, POLYACRYLAMIDE, CAPRYLYL GLYCOL, DIMETHICONE, HYDROGENATED PALM GLYCERIDES CITRATE, CETEARETH-12, C13-14 ISOPARAFFIN, LAURETH-7, CITRIC ACID, SODIUM CITRATE, DISODIUM EDTA, TRIETHANOLAMINE, DEHYDROACETIC ACID, SODIUM BENZOATE, BENZYL ALCOHOL, CHLORPHENESIN, PHENOXYETHANOL, ALCOHOL DENAT., PARFUM, BENZYL SALICYLATE, CI 19140, CI 14700.",4.7,50.0,187.98,131.58,Yasumi,30.00319182891796,"water, octyldodecanol, decyl oleate, glycol stearate, cetearyl alcohol, glyceryl stearate, ceteareth-20, propylene glycol, triticum vulgare germ oil, lithotamnion calcareum extract, laminaria digitata extract, chondrus crispus extract, soluble collagen, sodium pca, tocopheryl acetate, tocopherol, polyacrylamide, caprylyl glycol, dimethicone, hydrogenate palm glycerides citrate, ceteareth-12, c13 - 14 isoparaffin, laureth-7, citric acid, sodium citrate, disodium edta, triethanolamine, dehydroacetic acid, sodium benzoate, benzyl alcohol, chlorphenesin, phenoxyethanol, alcohol denat., parfum, benzyl salicylate, ci 19140, ci 14700."
Equilibra Sun,"krem do twarzy SPF50+, 75 ml",50,34.99,34.99,/equilibra-krem-do-twarzy-spf50-75-ml-000000000000383785.html,ochrona UV,"Aloe Barbadensis Leaf Juice, Aqua (Water), Octocrylene, Ethylhexyl Methoxycinnamate, Diethylamino Hydroxybenzoyl Hexyl Benzoate, C12-15 Alkyl Benzoate, Potassium Cetyl Phosphate, Propanediol, Titanium Dioxide, Isoamyl Laurate, Alumina, Methylene Bis-Benzotriazolyl Tetramethylbutylphenol (Nano), Glycerin, Opuntia Ficus-Indica Stem Extract, Prunus Amygdalus Dulcis (Sweet Almond) Oil, Tocopheryl Acetate, Cetyl Alcohol, Cetyl Palmitate, Sorbitan Stearate, Glyceryl Stearate, Ammonium Acryloyldimethyltaurate/Vp Copolymer, Sodium Hyaluronate, Silica, Butyrospermum Parkii (Shea) Butter, Decyl Glucoside, Isopropyl Myristate, Xanthan Gum, Glycine Soja (Soybean) Oil, Dehydroacetic Acid, Ethylhexylglycerin, Tocopherol, Propylene Glycol, Ascorbyl Palmitate, Daucus Carota Sativa (Carrot) Root Extract, Hydrolyzed Sweet Almond Protein, Potassium Palmitoyl Hydrolyzed Wheat Protein, Methyl Decenol, Argania Spinosa Kernel Oil, Potassium Sorbate, Lecithin, Undecylenic Acid, Sodium Polyacrylate, Benzyl Alcohol, Sodium Phytate, Sodium Benzoate, Peg-100 Stearate, Beta-Carotene, Citric Acid.",3.4,75.0,46.65,46.65,Equilibra,0.0,"aloe barbadensis leaf juice, water (water), octocrylene, ethylhexyl methoxycinnamate, diethylamino hydroxybenzoyl hexyl benzoate, c12 - 15 alkyl benzoate, potassium cetyl phosphate, propanediol, titanium dioxide, isoamyl laurate, alumina, methylene bis - benzotriazolyl tetramethylbutylphenol (nano), glycerin, opuntia ficus - indica stem extract, prunus amygdalus dulcis (sweetalmond) oil, tocopheryl acetate, cetyl alcohol, cetyl palmitate, sorbitan stearate, glyceryl stearate, ammonium acryloyldimethyltaurate,vp copolymer, sodium hyaluronate, silica, butyrospermum parkii (shea) butter, decyl glucoside, isopropyl myristate, xanthan gum, glycine soja (soybean) oil, dehydroacetic acid, ethylhexylglycerin, tocopherol, propylene glycol, ascorbyl palmitate, daucus carota sativa (carrot) root extract, hydrolyzed sweet almond protein, potassium palmitoyl hydrolyzed wheat protein, methyl decenol, argania spinosa kernel oil, potassium sorbate, lecithin, undecylenic acid, sodium polyacrylate, benzyl alcohol, sodium phytate, sodium benzoate, peg-100 stearate, beta - carotene, citric acid."
Pharmaceris A Lipo-Sensilium,"multilipidowy krem odżywczy do twarzy, 50 ml",9,58.99,58.99,/pharmaceris-multilipidowy-krem-odzywczy-do-twarzy-50-ml-000000000000240038.html,odżywczy,"Formuła Immuno-Prebiotic – formuła łagodząca podrażnienia i zmniejszająca nadwrażliwość skóry. Formuła Leukine-Barrier – formuła ukierunkowana na regulację systemu immunologicznego skóry i łagodzenie podrażnień.
8,5% dermo-lipidów – grupa składników odżywczych o właściwościach regenerujących, nawilżających i natłuszczających skórę, tworząca barierę przed utratą wody i przesuszeniem naskórka.",4.8,50.0,117.98,117.98,Pharmaceris,0.0,"formuła immuno - prebiotic – formuła łagodząca podrażnienia i zmniejszająca nadwrażliwość skóry. formuła leukine - barrier – formuła ukierunkowana na regulację systemu immunologicznego skóry i łagodzenie podrażnień. 
 8,5 % dermo - lipidów – grupa składników odżywczych o właściwościach regenerujących, nawilżających i natłuszczających skórę, tworząca barierę prze utratą wody i przesuszeniem naskórka."
Ziaja Med.,"krem matujący SPF50+ do twarzy, 50 ml",128,28.99,28.99,/ziaja-med.-krem-matujacy-spf50-do-twarzy-50-ml-000000000000387597.html,ochrona UV,"Aqua (Water),C12-15 Alkyl Benzoate,Bis-Ethylhexyloxyphenol Methoxyphenyl Triazine,Polymethyl Methacrylate,Diethylamino Hydroxybenzoyl Hexyl Benzoate,Ethylhexyl Salicylate,Ethylhexyl Triazone,Triethylhexanoin,Glycerin,Dimethicone,Potassium Cetyl Phosphate,Methylene Bis-Benzotriazolyl Tetramethylbutylphenol (nano),Polyurethane-35,Cetyl Alcohol,Aluminum Starch Octenylsuccinate,Glyceryl Stearate,PEG-100 Stearate,Panthenol,Tocopheryl Acetate,Xanthan Gum,Carbomer,Disodium EDTA,DMDM Hydantoin,Methylparaben,Ethylparaben,Parfum (Fragrance),Citronellol,Limonene,Sodium Hydroxide",4.7,50.0,57.98,57.98,Ziaja,0.0,"water (water),c12 - 15 alkyl benzoate, bis - ethylhexyloxyphenol methoxyphenyl triazine, polymethyl methacrylate, diethylamino hydroxybenzoyl hexyl benzoate, ethylhexyl salicylate, ethylhexyl triazone, triethylhexanoin, glycerin, dimethicone, potassium cetyl phosphate, methylene bis - benzotriazolyl tetramethylbutylphenol (nano),polyurethane-35,cetyl alcohol, aluminum starch octenylsuccinate, glyceryl stearate, peg-100 stearate, panthenol, tocopheryl acetate, xanthan gum, carbomer, disodium edta, dmdm hydantoin, methylparaben, ethylparaben, parfum (fragrance),citronellol, limonene, sodium hydroxide"
Duetus,"lekki krem do twarzy na dzień, 50 ml",12,29.59,36.99,/duetus-lekki-krem-do-twarzy-na-dzien-50-ml-000000000000362689.html,Seboregulujące,"Aqua,Vitis Vinifera Seed Oil,Cannabis Sativa (Hemp) Seed Oil,Oryza Sativa Starch,Squalane,Sorbitan Stearate,Sucrose Cocoate,Glyceryl Stearate,Stearic Acid,Arctium Lappa Extract,Cetearyl Alcohol,Activated Charcoal,Niacinamide,Tocopheryl Acetate,Xanthan Gum,Thymus Vulgaris (Thyme) Oil,Lavandula Angustifolia Oil,Juniperus Communis Fruit Oil,Citrus Aurantium Dulcis Oil,Benzyl Alcohol,Dehydroacetic Acid,Limonene,Linalool",4.1,50.0,73.98,59.18,Duetus,20.00540686672074,"water, vitis vinifera seed oil, cannabis sativa (hemp) seed oil, oryza sativa starch, squalane, sorbitan stearate, sucrose cocoate, glyceryl stearate, stearic acid, arctium lappa extract, cetearyl alcohol, activated charcoal, niacinamide, tocopheryl acetate, xanthan gum, thymus vulgaris (thyme) oil, lavandula angustifolia oil, juniperus communis fruit oil, citrus aurantium dulcis oil, benzyl alcohol, dehydroacetic acid, limonene, linalool"
Pure By Clochee,"lekki krem normalizujący do twarzy, 50 ml",16,41.99,59.99,/pure-by-clochee-lekki-krem-normalizujacy-do-twarzy-50-ml-000000000000353761.html,Nawilżające,"Aqua, Caprylic/Capric Triglyceride, Glycerin, Decyl Oleate, Vitis Vinifera (Grape) Seed Oil, Carthamus Tinctorius (Safflower) Oil, Nigella Sativa (Black Seed) Seed Oil, Salix Alba Bark Extract, Oryza Sativa Hull Powder, Bisabolol, Panthenol, Sorbitan Laurate, Glyceryl Stearate Citrate, Cocumis Melo Fruit Extract, Daucus Carota Sativa (Carrot) Root Extract, Daucus Carota Sativa (Carrot) Seed Oil, Helianthus Annuus (Sunflower) Seed Oil, Sodium Hyaluronate, 10-Hydroxydecanoic Acid, Sebacic Acid, 1,10-Decanediol, Equisetum Arvense Extract, Tocopherol, Polyglyceryl-4 Laurate, Dilauryl Citrate, Beta-Carotene, Ascorbyl Palmitate, Hydroxyethylcellulose, Xanthan Gum, Bentonite, Sodium Benzoate, Potassium Sorbate, Dehydroacetic Acid, Benzyl Alcohol, Sodium Hydroxide, Butylene Glycol, Parfum, Limonene.",4.0,50.0,119.98,83.98,Clochee,30.005000833472245,"water, caprylic,capric triglyceride, glycerin, decyl oleate, vitis vinifera (grape) seed oil, carthamus tinctorius (safflower) oil, nigella sativa (blackseed) seed oil, salix alba bark extract, oryza sativa hull powder, bisabolol, panthenol, sorbitan laurate, glyceryl stearate citrate, cocumis melo fruit extract, daucus carota sativa (carrot) root extract, daucus carota sativa (carrot) seed oil, helianthus annuus (sunflower) seed oil, sodium hyaluronate, 10 - hydroxydecanoic acid, sebacic acid, 1,10 - decanediol, equisetum arvense extract, tocopherol, polyglyceryl-4 laurate, dilauryl citrate, beta - carotene, ascorbyl palmitate, hydroxyethylcellulose, xanthan gum, bentonite, sodium benzoate, potassium sorbate, dehydroacetic acid, benzyl alcohol, sodium hydroxide, butylene glycol, parfum, limonene."
Uzdrovisco Czarny Tulipan,"wieczorny krem przeciwzmarszczkowy do twarzy, 50 ml",16,36.39,51.99,/uzdrovisco-wieczorny-krem-przeciwzmarszczkowy-do-twarzy-50-ml-000000000000363254.html,przeciwzmarszczkowy,"Aqua/Water, Tripelargonin, Butyrospermum Parkii (Shea) Butter, Propanediol, Glyceryl Stearate,Cocos Nucifera (Coconut) Oil, Trehalose, Cetearyl Alcohol, Glycerin, Sodium Stearoyl Glutamate, Maltodextrin, Caesalpinia Spinosa Gum, Caesalpinia Spinosa Fruit Extract, Tulipa Gesneriana Flower Extract, Tilia Platyphyllos Flower Extract, Kappaphycus Alvarezii Extract, Caprylyl Glycol, Citric Acid, Parfum/ Fragrance, Hydroxyacetophenone,1,2-Hexanediol, Potassium Sorbate, Sodium Benzoate",4.1,50.0,103.98,72.78,Uzdrovisco,30.005770340450088,"water,water, tripelargonin, butyrospermum parkii (shea) butter, propanediol, glyceryl stearate, cocos nucifera (coconut) oil, trehalose, cetearyl alcohol, glycerin, sodium stearoyl glutamate, maltodextrin, caesalpinia spinosa gum, caesalpinia spinosa fruit extract, tulipa gesneriana flower extract, tilia platyphyllos flower extract, kappaphycus alvarezii extract, caprylyl glycol, citric acid, parfum/ fragrance, hydroxyacetophenone,1,2 - hexanediol, potassium sorbate, sodium benzoate"
Pure By Clochee,"krem kojąco-łagodzący do twarzy, 50 ml",29,41.99,59.99,/pure-by-clochee-krem-kojaco-lagodzacy-do-twarzy-50ml-000000000000353728.html,Kojące,"Aqua, Glycerin, Ethylhexyl Cocoate, Polyglyceryl-3 Methylglucose Distearate, Caprylic/Capric Triglyceride, Olea Europaea (Olive) Husk Oil, Cetearyl Alcohol, Rosa Damascena Flower Water, Butyrospermum Parkii (Shea) Butter, Glyceryl Stearate SE, Theobroma Cacao (Cocoa) Seed Butter, Arnica Montana Flower Extract, Symphytum Officinale Root Extract, Tilia Cordata Flower Extract, Linum Usitatissimum (Linseed) Seed Extract, Tocopherol, Saccharide Isomerate, Carthamus Tinctorius (Safflower) Oil, Calendula Officinalis (Calendula) Flower Extract, Olea Europaea (Olive) Fruit Oil, Citric Acid, Phytic Acid, Sodium Citrate, Sodium Benzoate, Potassium Sorbate, Dehydroacetic Acid, Benzyl Alcohol, Sodium Hydroxide, Parfum, Citronellol, Geraniol, Hexyl Cinnamal, Hydroxycitronellal, Limonene, Linalool.",4.6,50.0,119.98,83.98,Clochee,30.005000833472245,"water, glycerin, ethylhexyl cocoate, polyglyceryl-3 methylglucose distearate, caprylic,capric triglyceride, olea europaea (olive) husk oil, cetearyl alcohol, rosa damascena flower water, butyrospermum parkii (shea) butter, glyceryl stearate se, theobroma cacao (cocoa) seed butter, arnica montana flower extract, symphytum officinale root extract, tilia cordata flower extract, linum usitatissimum (linseed) seed extract, tocopherol, saccharide isomerate, carthamus tinctorius (safflower) oil, calendula officinalis (calendula) flower extract, olea europaea (olive) fruit oil, citric acid, phytic acid, sodium citrate, sodium benzoate, potassium sorbate, dehydroacetic acid, benzyl alcohol, sodium hydroxide, parfum, citronellol, geraniol, hexyl cinnamal, hydroxycitronellal, limonene, linalool."
Tołpa Holistic,"krem przeciwzmarszczkowy do twarzy SPF20, 40 ml",8,49.99,49.99,/tolpa-krem-przeciwzmarszczkowy-do-twarzy-spf20-40-ml-000000000000377203.html,przeciwzmarszczkowy,"Aqua, Ethylhexyl Methoxycinnamate, Diethylamino Hydroxybenzoyl Hexyl Benzoate, Coco-Caprylate, Glycerin, Cetearyl Alcohol, Peat Extract, Ceteareth-20, Cellulose, Sodium Hyaluronate, Rhodiola Rosea Root Extract, Hydrolyzed Algin, Hyaluronic Acid, Tocopherol, Palmitoyl Hydroxypropyltrimonium Amylopectin/Glycerin Crosspolymer, Retinol, Hydrogenated Lecithin, Carbomer, Sodium Polyacrylate, Pentylene Glycol, Butylene Glycol, Sodium Hydroxide, Polysorbate 20, 1,2-Hexanediol, Tetrasodium EDTA, BHT, BHA, Parfum, Phenoxyethanol, Caprylyl Glycol, Methylpropanediol, Benzoic Acid, Potassium Sorbate, Ethylhexylglycerin",4.8,40.0,124.98,124.98,Tołpa,0.0,"water, ethylhexyl methoxycinnamate, diethylamino hydroxybenzoyl hexyl benzoate, coco - caprylate, glycerin, cetearyl alcohol, peat extract, ceteareth-20, cellulose, sodium hyaluronate, rhodiola rosea root extract, hydrolyzed algin, hyaluronic acid, tocopherol, palmitoyl hydroxypropyltrimonium amylopectin,glycerin crosspolymer, retinol, hydrogenate lecithin, carbomer, sodium polyacrylate, pentylene glycol, butylene glycol, sodium hydroxide, polysorbate 20, 1,2 - hexanediol, tetrasodium edta, bht, bha, parfum, phenoxyethanol, caprylyl glycol, methylpropanediol, benzoic acid, potassium sorbate, ethylhexylglycerin"
Ziaja med,"krem naprawczy do twarzy, 80 ml",9,28.99,28.99,/ziaja-med-krem-naprawczy-do-twarzy-80-ml-000000000000249302.html,Nawilżające,"Aqua (Water),Canola Oil,Caprylic/Capric Triglyceride,Isononyl Isononanoate,Glycerin,Glyceryl Stearate Citrate,Hydrogenated Coco-Glycerides,Octyldodecanol,Panthenol,Macadamia Ternifolia Seed Oil,Gossypium Herbaceum (Cotton) Seed Oil,Squalane,Polyglyceryl-3 Methylglucose Distearate,Butyrospermum Parkii (Shea) Butter,Ceramide 3,Ceramide 6 II,Ceramide 1,Phytosphingosine,Cholesterol,Sodium Lauroyl Lactylate,Carbomer,Xanthan Gum,Cetearyl Alcohol,Olea Europaea (Olive) Fruit Oil,Hydrogenated Lecithin,C12-16 Alcohols,Palmitic Acid,Allantoin,Beta-Glucan,Tocopheryl Acetate,Sodium Hyaluronate,Glyceryl Caprylate,Phenoxyethanol,DMDM Hydantoin,Chlorphenesin,Sodium Hydroxide",4.9,80.0,36.24,36.24,Ziaja,0.0,"water (water),canola oil, caprylic,capric triglyceride, isononyl isononanoate, glycerin, glyceryl stearate citrate, hydrogenated coco - glycerides, octyldodecanol, panthenol, macadamia ternifolia seed oil, gossypium herbaceum (cotton) seed oil, squalane, polyglyceryl-3 methylglucose distearate, butyrospermum parkii (shea) butter, ceramide 3,ceramide 6 ii, ceramide 1,phytosphingosine, cholesterol, sodium lauroyl lactylate, carbomer, xanthan gum, cetearyl alcohol, olea europaea (olive) fruit oil, hydrogenated lecithin, c12 - 16 alcohols, palmitic acid, allantoin, beta - glucan, tocopheryl acetate, sodium hyaluronate, glyceryl caprylate, phenoxyethanol, dmdm hydantoin, chlorphenesin, sodium hydroxide"
Miraculum Woda Termalna,"nawilżający krem do twarzy na dzień, 50 ml",7,31.99,31.99,/miraculum-nawilzajacy-krem-do-twarzy-na-dzien-50-ml-000000000000405675.html,nawilżający,"AQUA, OCTOCRYLENE, DICAPRYLYL CARBONATE, BUTYL METHOXYDIBENZOYLMETHANE, PROPANEDIOL, GLYCERIN, GLYCERYL STEARATE CITRATE, CETEARYL ALCOHOL, GLYCERYL STEARATE, SODIUM STEAROYL GLUTAMATE, SODIUM PCA, MAGNESIUM PCA, ZINC PCA, MANGANESE PCA, PHENOXYETHANOL, POTASSIUM SORBATE, PARFUM, TOCOPHEROL, BETA-SITOSTEROL, SQUALENE,SODIUM HYALURONATE CROSSPOLYMER, SODIUM HYALURONATE, SODIUM ACETYLATED HYALURONATE, HYDROLYZED SODIUM HYALURONATE, PENTYLENE GLYCOL, ETHYLHEXYLGLYCERIN, SODIUM BENZOATE, CITRIC ACID, XANTHAN GUM, CI 42090.",3.9,50.0,63.98,63.98,Mira,0.0,"water, octocrylene, dicaprylyl carbonate, butyl methoxydibenzoylmethane, propanediol, glycerin, glyceryl stearate citrate, cetearyl alcohol, glyceryl stearate, sodium stearoyl glutamate, sodium pca, magnesium pca, zinc pca, manganese pca, phenoxyethanol, potassium sorbate, parfum, tocopherol, beta - sitosterol, squalene, sodium hyaluronate crosspolymer, sodium hyaluronate, sodium acetylated hyaluronate, hydrolyzed sodium hyaluronate, pentylene glycol, ethylhexylglycerin, sodium benzoate, citric acid, xanthan gum, ci 42090."
Emotopic MED+,"mineralny krem ochronny do twarzy i ciała SPF50+, 75 ml",19,64.99,64.99,/emotopic-mineralny-krem-ochronny-do-twarzy-i-ciala-spf50-75-ml-000000000000389693.html,ochrona UV,"Aqua (Water), Dicaprylyl Carbonate, Caprylic/Capric Triglyceride, Titanium Dioxide, Zinc Oxide, PEG-30 Dipolyhydroxystearate, Canola (Canola) Oil, Glycerin, Cannabis Sativa (Hemp) Seed Oil, Squalane, Polyhydroxystearic Acid, Lonicera Caprifolium (Honeysuckle) Flower Extract, Laminaria Ochroleuca Extract, Lonicera Japonica (Honeysuckle) Flower Extract, Hydroxyacetophenone, Tocopherol, Alumina, Stearic Acid, Magnesium Sulfate, Triethoxycaprylylsilane",4.7,75.0,86.65,86.65,Emotopic,0.0,"water (water), dicaprylyl carbonate, caprylic,capric triglyceride, titanium dioxide, zinc oxide, peg-30 dipolyhydroxystearate, canola (canola) oil, glycerin, cannabis sativa (hemp) seed oil, squalane, polyhydroxystearic acid, lonicera caprifolium (honeysuckle) flower extract, laminaria ochroleuca extract, lonicera japonica (honeysuckle) flower extract, hydroxyacetophenone, tocopherol, alumina, stearic acid, magnesium sulfate, triethoxycaprylylsilane"
Bandi Fito Lift Care,"odmładzający krem odżywczy do twarzy, 50 ml",14,79.99,79.99,/bandi-odmladzajacy-krem-odzywczy-do-twarzy-50-ml-000000000000307084.html,odżywczy,"Aqua/Water, Caprylic/Capric Triglyceride, Ethylhexyl Stearate, Glycerin, Prunus Amygdalus Dulcis (Sweet Almond) Oil, Oleyl Alcohol, Cetyl PEG/PPG-10/1 Dimethicone, Polyglyceryl-4 Isostearate, Hexyl Laurate, Butyrospermum Parkii (Shea) Butter, Sodium Chloride, Sorbitan Olivate, Dioscorea Villosa (Wild Yam) Root Extract, Glycine Soja (Soybean) Sterols, Hydrolyzed Glycosaminoglycans, Pistacia Lentiscus (Mastic) Gum, Tocopheryl Acetate, Allantoin, Urea, Disodium Phosphate, Biotin, Hydrogenated Castor Oil, Hexyldecanol, PEG-8, Tocopherol, Ascorbyl Palmitate, Ascorbic Acid, Potassium Phosphate, Citric Acid, Parfum/Fragrance, Phenoxyethanol, Ethylhexylglycerin, Citral, Citronellol, Limonene, Linalool",4.5,50.0,159.98,159.98,Bandi,0.0,"water,water, caprylic,capric triglyceride, ethylhexyl stearate, glycerin, prunus amygdalus dulcis (sweetalmond) oil, oleyl alcohol, cetyl peg,ppg-10/1 dimethicone, polyglyceryl-4 isostearate, hexyl laurate, butyrospermum parkii (shea) butter, sodium chloride, sorbitan olivate, dioscorea villosa (wildyam) root extract, glycine soja (soybean) sterol, hydrolyzed glycosaminoglycans, pistacia lentiscus (mastic) gum, tocopheryl acetate, allantoin, urea, disodium phosphate, biotin, hydrogenated castor oil, hexyldecanol, peg-8, tocopherol, ascorbyl palmitate, ascorbic acid, potassium phosphate, citric acid, parfum,fragrance, phenoxyethanol, ethylhexylglycerin, citral, citronellol, limonene, linalool"
Ziaja BB,"aktywny krem do twarzy na niedoskonałości skóry tłustej i mieszanej SPF15 naturalny, 50 ml",18,11.99,11.99,/ziaja-aktywny-krem-do-twarzy-spf-15-50ml-000000000000260326.html,ochrona UV,"Aqua (Water),Dimethicone,Ethylhexyl Methoxycinnamate,Glycerin,Triethylhexanoin,Diethylamino Hydroxybenzoyl Hexyl Benzoate,Titanium Dioxide,C 12-15 Alkyl Benzoate,Dicaprylyl Ether,Hexyl Laurate,Potassium Cetyl Phosphate,Cetyl Alcohol,Butylene Glycol,Enantia Chlorantha (Bark) Extract,Oleanolic Acid,Glyceryl Stearate,PEG-100 Stearate,Hydrogenated Dimer Dilinoleyl/Dimethylcarbonate Copolymer,Propylene Glycol,Ethylhexyl Triazone,Niacinamide,Calcium Pantothenate,Sodium Ascorbyl Phosphate,Tocopheryl Acetate,Pyridoxine HCI,Maltodextrin,Sodium Starch Octenylsuccinate,Silica,Sodium Hyaluronate,Carbomer,Sodium Polyacrylate,DMDM Hydantoin,Methylparaben,Parfum (Fragrance),Limonene,Linalool,Citronellol,Coumarin,Sodium Hydroxide,CI 77492,CI 77491,CI 77499",3.0,50.0,23.98,23.98,Ziaja,0.0,"water (water),dimethicone, ethylhexyl methoxycinnamate, glycerin, triethylhexanoin, diethylamino hydroxybenzoyl hexyl benzoate, titanium dioxide, c 12 - 15 alkyl benzoate, dicaprylyl ether, hexyl laurate, potassium cetyl phosphate, cetyl alcohol, butylene glycol, enantia chlorantha (bark) extract, oleanolic acid, glyceryl stearate, peg-100 stearate, hydrogenated dimer dilinoleyl,dimethylcarbonate copolymer, propylene glycol, ethylhexyl triazone, niacinamide, calcium pantothenate, sodium ascorbyl phosphate, tocopheryl acetate, pyridoxine hci, maltodextrin, sodium starch octenylsuccinate, silica, sodium hyaluronate, carbomer, sodium polyacrylate, dmdm hydantoin, methylparaben, parfum (fragrance),limonene, linalool, citronellol, coumarin, sodium hydroxide, ci 77492,ci 77491,ci 77499"
Lirene Sun,"krem ochronny z SPF50 do twarzy, 40 ml",147,23.99,23.99,/lirene-nawilzajacy-ochronny-krem-do-twarzy-spf-50-40ml-000000000000357025.html,ochrona UV,"Aqua (Water),Dibutyl Adipate,Diethylamino Hydroxybenzoyl Hexyl Benzoate,Ethylhexyl Salicylate,Salicylate,Ethylhexyl Triazone,Coco-Caprylate,Bis-Ethylhexyloxyphenol Methoxyphenyl Triazine,Glycerin,Dicaprylyl Carbonate,Cetearyl Alcohol,Potassium Cetyl Phosphate,Glyceryl Stearate,1,2-Hexanediol,Acrylates/C12-22 Alkyl Methacrylate Copolymer,Butyloctyl Salicylate,Dimethicone,Glyceryl Stearate SE,Allantoin,Laminaria Ochroleuca Extract,Hydroxyacetophenone,Tocopheryl Acetate,Tocopherol,Undecane,Tridecane,Caprylic/Capric Triglyceride,Acacia Senegal Gum,Xanthan Gum,Hectorite,Hydroxyethylcellulose,Coco-Glucoside,Disodium Lauryl Arginine,Sulfosuccinate,Citric Acid",4.1,40.0,59.98,59.98,Lirene,0.0,"water (water),dibutyl adipate, diethylamino hydroxybenzoyl hexyl benzoate, ethylhexyl salicylate, salicylate, ethylhexyl triazone, coco - caprylate, bis - ethylhexyloxyphenol methoxyphenyl triazine, glycerin, dicaprylyl carbonate, cetearyl alcohol, potassium cetyl phosphate, glyceryl stearate,1,2 - hexanediol, acrylates,c12 - 22 alkyl methacrylate copolymer, butyloctyl salicylate, dimethicone, glyceryl stearate se, allantoin, laminaria ochroleuca extract, hydroxyacetophenone, tocopheryl acetate, tocopherol, undecane, tridecane, caprylic,capric triglyceride, acacia senegal gum, xanthan gum, hectorite, hydroxyethylcellulose, coco - glucoside, disodium lauryl arginine, sulfosuccinate, citric acid"
Ziaja,"przeciwzmarszczkowy krem do cery dojrzałej z koenzymem Q10 i retinolem, 50 ml",15,9.79,9.79,/ziaja-przeciwzmarszczkowy-krem-do-cery-dojrzalej-z-koenzymem-q10-i-retinolem-50-ml-000000000000299063.html,przeciwzmarszczkowy,"Aqua (Water),Cetearyl Ethylhexanoate,Glycerin,Diisostearoyl Polyglyceryl-3 Dimer Dilinoleate,Dimethicone,Propylene Glycol,Trifolium Pratense (Clover) Flower Extract,Panthenol,Tocopheryl Acetate,Lecithin,Ubiquinone,Retinyl Palmitate,Cera Alba (Beeswax),Magnesium Sulfate,Hydrogenated Castor Oil,Sodium Benzoate,Parfum (Fragrance),Hexyl Cinnamal,Alpha-Isomethyl Ionone,Benzyl Salicylate,Linalool,Limonene,Citronellol,Citric Acid",4.7,50.0,19.58,19.58,Ziaja,0.0,"water (water),cetearyl ethylhexanoate, glycerin, diisostearoyl polyglyceryl-3 dimer dilinoleate, dimethicone, propylene glycol, trifolium pratense (clover) flower extract, panthenol, tocopheryl acetate, lecithin, ubiquinone, retinyl palmitate, cera alba (beeswax),magnesium sulfate, hydrogenated castor oil, sodium benzoate, parfum (fragrance),hexyl cinnamal, alpha - isomethyl ionone, benzyl salicylate, linalool, limonene, citronellol, citric acid"
Nacomi Collagen,"lekki, jedwabisty przeciwstarzeniowy żel-krem do twarzy, 50 ml",34,20.59,33.99,/nacomi-zel-krem-do-twarzy-przeciwzmarszczkowy-50ml-000000000000322581.html,Uelastyczniające,"Aqua, Glycerin, Caprylic/Capric Triglyceride, Prunus Amygdalus Dulcis Oil, Potato Starch Modified, Soluble Collagen, Cetearyl Alcohol, Glyceryl Stearate, Honey Extract, Hydrolyzed Elastin, Serine, Glycogen, Tocopheryl Acetate, Sodium Lauroyl Glutamate, Tetrasodium Glutamate Diacetate, Propylene Glycol, Sodium Hydroxide, Sodium PCA, Citric Acid, Dehydroacetic Acid, Stearic Acid, Sorbic Acid, Parfum, Phenoxyethanol, Benzyl Alcohol, Alcohol, CI 75470",3.9,50.0,67.98,41.18,Nacomi,39.42335981170933,"water, glycerin, caprylic,capric triglyceride, prunus amygdalus dulcis oil, potato starch modified, soluble collagen, cetearyl alcohol, glyceryl stearate, honey extract, hydrolyzed elastin, serine, glycogen, tocopheryl acetate, sodium lauroyl glutamate, tetrasodium glutamate diacetate, propylene glycol, sodium hydroxide, sodium pca, citric acid, dehydroacetic acid, stearic acid, sorbic acid, parfum, phenoxyethanol, benzyl alcohol, alcohol, ci 75470"
Tołpa Dermo Face Hydrativ,"lekki nawilżający krem odprężający na noc, 40 ml",42,27.99,39.99,/tolpa-nawilzajacy-lekki-krem-do-twarzy-na-dzien-40ml-000000000000226627.html,nawilżający,"Aqua, Glycerin, Saccharide Isomerate, Methylpropanediol, Propanediol, Peat Extract, Cetyl Alcohol, Glyceryl Stearate Citrate, Coco-Caprylate, Tapioca Starch, Parfum, Triticum Vulgare Germ Extract, Saccharomyces Cerevisiae Extract, Sodium Hyaluronate, Panthenol, Disodium Cocoamphodiacetate, PVP, Sodium Metabisulfite, Pantolactone, Salvia Sclarea Extract, Tocopherol, Carbomer, Disodium EDTA, Sodium Polyacrylate, Sodium Hydroxide, Sodium Citrate, Citric Acid, Ethylhexylglycerin, Caprylyl Glycol, Phenylpropanol, Phenoxyethanol, Benzoic Acid, Sodium Benzoate, Potassium Sorbate.",4.200000000000001,40.0,99.98,69.97,Tołpa,30.007501875468872,"water, glycerin, saccharide isomerate, methylpropanediol, propanediol, peat extract, cetyl alcohol, glyceryl stearate citrate, coco - caprylate, tapioca starch, parfum, triticum vulgare germ extract, saccharomyce cerevisiae extract, sodium hyaluronate, panthenol, disodium cocoamphodiacetate, pvp, sodium metabisulfite, pantolactone, salvia sclarea extract, tocopherol, carbomer, disodium edta, sodium polyacrylate, sodium hydroxide, sodium citrate, citric acid, ethylhexylglycerin, caprylyl glycol, phenylpropanol, phenoxyethanol, benzoic acid, sodium benzoate, potassium sorbate."
Bielenda Professional Sun Protect,"krem do twarzy SPF50, 50 ml",24,69.99,84.99,/bielenda-professional-krem-do-twarzy-spf50-50-ml-000000000000413838.html,ochrona UV,"Aqua (Water),Dibutyl Adipate,Octocrylene,Butyl Methoxydibenzoylmethane,Propanediol,Glyceryl Stearate,Cetearyl Alcohol,Ethylhexyl Triazone,Methylene Bis-Benzotriazolyl Tetramethylbutylphenol (Nano),Tris-Biphenyl Triazine (Nano),Ethylhexyl Methoxycinnamate,Potassium Cetyl Phosphate,Zea Mays (Corn) Starch,Tocopheryl Acetate,Allantoin,Sodium Stearoyl Glutamate,Alpha-Glucan Oligosaccharide,Polymnia Sonchifolia Root Juice,Sodium Hyaluronate,Centella Asiatica Extract,Beta-Glucan,Gluconolactone,Calcium Gluconate,Tocopherol,Beta-Sitosterol,Squalene,Ascorbyl Palmitate,Glycine Soja (Soybean) Oil,Citric Acid,Maltodextrin,Lactobacillus,Dimethicone,Xanthan Gum,Decyl Glucoside,Butylene Glycol,Disodium Phosphate,Propylene Glycol,Cyclopentasiloxane,Polysilicone-11,Ethylhexyl Hydroxystearate,Disodium EDTA,BHT,Polyacrylate Crosspolymer-6,Ammonium Acryloyldimethyltaurate/VP Copolymer,Ethylhexylglycerin,Sodium Benzoate,Phenoxyethanol,Parfum (Fragrance),Benzyl Salicylate,Coumarin,Hexyl Cinnamal,Limonene,Linalool",4.5,50.0,169.98,139.98,Bielenda,17.649135192375574,"water (water),dibutyl adipate, octocrylene, butyl methoxydibenzoylmethane, propanediol, glyceryl stearate, cetearyl alcohol, ethylhexyl triazone, methylene bis - benzotriazolyl tetramethylbutylphenol (nano),tris - biphenyl triazine (nano),ethylhexyl methoxycinnamate, potassium cetyl phosphate, zea mays (corn) starch, tocopheryl acetate, allantoin, sodium stearoyl glutamate, alpha - glucan oligosaccharide, polymnia sonchifolia root juice, sodium hyaluronate, centella asiatica extract, beta - glucan, gluconolactone, calcium gluconate, tocopherol, beta - sitosterol, squalene, ascorbyl palmitate, glycine soja (soybean) oil, citric acid, maltodextrin, lactobacillus, dimethicone, xanthan gum, decyl glucoside, butylene glycol, disodium phosphate, propylene glycol, cyclopentasiloxane, polysilicone-11,ethylhexyl hydroxystearate, disodium edta, bht, polyacrylate crosspolymer-6,ammonium acryloyldimethyltaurate,vp copolymer, ethylhexylglycerin, sodium benzoate, phenoxyethanol, parfum (fragrance),benzyl salicylate, coumarin, hexyl cinnamal, limonene, linalool"
Ziaja Biała Herbata,"nawilżający krem do każdego rodzaju skóry, 50 ml",66,8.29,8.29,/ziaja-krem-do-twarzy-bionawilzajacy-50ml-000000000000215284.html,nawilżający,"Aqua (Water),Glycerin,Paraffinum Liquidum (Mineral Oil),Isopropyl Myristate,Cetearyl Alcohol,Dimethicone,Propylene Glycol,Camellia Sinensis Leaf Extract,Panthenol,Tocopheryl Acetate,Retinyl Palmitate,Trilaureth-4 Phosphate,Carbomer,Sodium Polyacrylate,Diazolidinyl Urea,Methylparaben,Propyiparaben,2-Bromo-2-Nitropropane-1,3-Diol,Parfum (Fragrance),Limonene,Linalool,Citronellol,Hexyl Cinnamal,Alpha-Isomethyl Ionone,Sodium Hydroxide",4.4,50.0,16.58,16.58,Ziaja,0.0,"water (water),glycerin, paraffinum liquidum (mineraloil),isopropyl myristate, cetearyl alcohol, dimethicone, propylene glycol, camellia sinensis leaf extract, panthenol, tocopheryl acetate, retinyl palmitate, trilaureth-4 phosphate, carbomer, sodium polyacrylate, diazolidinyl urea, methylparaben, propyiparaben,2 - bromo-2 - nitropropane-1,3 - diol, parfum (fragrance),limonene, linalool, citronellol, hexyl cinnamal, alpha - isomethyl ionone, sodium hydroxide"
Feel Free Intensive Nourishing,"krem do twarzy, 50 ml",9,27.99,39.99,/feel-free-krem-do-twarzy-50-ml-000000000000410150.html,Nawilżające,"Aqua (Water), Coco-caprylate/ Caprate, Aloe Barbadensis Leaf Juice*, Glycerin, Pentylene Glycol, Caprylic/capric Triglyceride, Polyglyceryl-3 Dicitrate/Stearate, Stearyl Alcohol, Oryza Sativa (Rice) Starch, Glyceryl Stearate, Isoamyl Cocoate, Hydrolyzed Hyaluronic Acid, Sodium Hyaluronate, Camellia Sinensis Leaf Extract*, Actinidia Chinensis Fruit Extract, Chlorophyllin-Copper Complex, Xanthan Gum, Sodium Benzoate, Potassium Sorbate,Sodium Phytate, Citric Acid, Parfum (Fragrance)**, Benzyl Salicylate**, Citronellol**, Linalool**.
*Ingredient from organic farming. **Natural origin fragrance.
99,99% natural origin of total.
6,66% of the total ingredients are from organic farming.",4.7,50.0,79.98,55.98,Feel Free,30.007501875468872,"water (water), coco - caprylate/ caprate, aloe barbadensis leaf juice *, glycerin, pentylene glycol, caprylic,capric triglyceride, polyglyceryl-3 dicitrate,stearate, stearyl alcohol, oryza sativa (rice) starch, glyceryl stearate, isoamyl cocoate, hydrolyzed hyaluronic acid, sodium hyaluronate, camellia sinensis leaf extract *, actinidia chinensis fruit extract, chlorophyllin - copper complex, xanthan gum, sodium benzoate, potassium sorbate, sodium phytate, citric acid, parfum (fragrance) * *, benzyl salicylate * *, citronellol * *, linalool * *. 
 * ingredient from organic farming. * * natural origin fragrance. 
 99,99 % natural origin of total. 
 6,66 % of the total ingredient be from organic farming."
Vianek Normalizujący,"normalizujący krem do twarzy na noc z ekstraktem z liści pokrzywy, 50 ml",22,31.49,32.99,/vianek-normalizujacy-krem-do-twarzy-na-noc-z-ekstraktem-z-lisci-pokrzywy-50ml-000000000000293783.html,Nawilżające,"Aqua,Vitis Vinifera Seed Oil,Olea Europaea Fruit Oil,Squalane,Sorbitan Stearate,Sucrose Cocoate,Urtica Dioica Leaf Extract,Glyceryl Stearate,Stearic Acid,Cetearyl Alcohol,Niacinamide,Sulfur,Agar,Acacia Senegal Gum,Tocopheryl Acetate,Xanthan Gum,Benzyl Alcohol,Melaluca Alternifolia Leaf Oil,Betulin,Parfum,Dehydroacetic Acid",3.6,50.0,65.98,62.98,Vianek,4.5468323734465095,"water, vitis vinifera seed oil, olea europaea fruit oil, squalane, sorbitan stearate, sucrose cocoate, urtica dioica leaf extract, glyceryl stearate, stearic acid, cetearyl alcohol, niacinamide, sulfur, agar, acacia senegal gum, tocopheryl acetate, xanthan gum, benzyl alcohol, melaluca alternifolia leaf oil, betulin, parfum, dehydroacetic acid"
Söppö Bow Wow Effect,"regenerujący krem do twarzy na noc, 50 ml",5,99.0,99.0,/soppo-regenerujacy-krem-do-twarzy-na-noc-50-ml-49358119.html,regenerujący,"Woda, glikol roślinny, gliceryna roślinna, emolient z kokosa, emolient, skwalan z trzciny cukrowej, olej z nasion ogórecznika, witamina E, woda morska z francuskiego wybrzeża Atlantyku, prebiotyk Bioecolia, ekstrakt z korzenia różańca górskiego, ekstrakt z prawoślazu, wyciąg z liści czarnej morwy, ekstrakt z pąków kwiatowych kaparów, ekstrakt z jagód pieprzu tasmańskiego, ekstrakt z kłosowca meksykańskiego, fukożel z soi i kukurydzy, olej słonecznikowy, mieszanka roślinnych emulgatorów, guma ksantanowa, antyoksydant o właścowiściach chelatujących, ekologiczne konserwanty m.in. z kukurydzy i kopru, kwas cytrynowy, kompozycja zapachowa, mika, tlenek żelaza
INCI: Aqua, Propanediol, Glycerin, Coco-Caprylate/Caprate, Cetearyl Alcohol, Squalane, Borago Officinalis Seed Oil, Tocopherol, Maris Aqua, Alpha-Glucan Oligosaccharide, Capparis Spinosa Bud Extract, Althaea Officinalis Root Extract, Morus Nigra Leaf Extract, Rhodiola Rosea Root Extract, Tasmannia Lanceolata Fruit/Leaf Extract, Agastache Mexicana Flower/Leaf/Stem Extract, Biosaccharide Gum-1, Helianthus Annuus Seed Oil, Cetearyl Glucoside, Cetyl Alcohol, Glyceryl Stearate, Sodium Stearoyl Glutamate, Xanthan Gum, Tetrasodium Glutamate Diacetate, Benzyl Alcohol, Dehydroacetic Acid, Sodium Levulinate, Glyceryl Caprylate, Potassium Sorbate, Sodium Benzoate, Sodium Anisate, Citric Acid, Parfum, Mica, CI 77491",5.0,50.0,198.0,198.0,Söppö,0.0,"woda, glikol roślinny, gliceryna roślinna, emolient z kokosa, emolient, skwalan z trzciny cukrowej, olej z nasion ogórecznika, witamina e, woda morska z francuskiego wybrzeża atlantyku, prebiotyk bioecolia, ekstrakt z korzenia różańca górskiego, ekstrakt z prawoślazu, wyciąg z liści czarnej morwy, ekstrakt z pąków kwiatowych kaparów, ekstrakt z jagód pieprzu tasmańskiego, ekstrakt z kłosowca meksykańskiego, fukożel z soi i kukurydzy, olej słonecznikowy, mieszanka roślinnych emulgatorów, guma ksantanowa, antyoksydant o właścowiściach chelatujących, ekologiczne konserwanty m.in. z kukurydzy i kopru, kwas cytrynowy, kompozycja zapachowa, mika, tlenek żelaza 
 inci: water, propanediol, glycerin, coco - caprylate,caprate, cetearyl alcohol, squalane, borago officinalis seed oil, tocopherol, maris water, alpha - glucan oligosaccharide, capparis spinosa bud extract, althaea officinalis root extract, morus nigra leaf extract, rhodiola rosea root extract, tasmannia lanceolata fruit,leaf extract, agastache mexicana flower,leaf,stem extract, biosaccharide gum-1, helianthus annuus seed oil, cetearyl glucoside, cetyl alcohol, glyceryl stearate, sodium stearoyl glutamate, xanthan gum, tetrasodium glutamate diacetate, benzyl alcohol, dehydroacetic acid, sodium levulinate, glyceryl caprylate, potassium sorbate, sodium benzoate, sodium anisate, citric acid, parfum, mica, ci 77491"
Pure By Clochee,"regenerujący krem-maska nocna do twarzy, 50 ml",23,52.49,74.99,/pure-by-clochee-regenerujacy-krem-maska-nocna-do-twarzy-50-ml-000000000000353762.html,regenerujący,"Aqua, Butyrospermum Parkii (Shea) Butter, Helianthus Annuus (Sunflower) Seed Oil, Caprylic/Capric Triglyceride, Glyceryl Stearate SE, Cetearyl Alcohol, Glyceryl Stearate Citrate, Glycerin, Rubus Idaeus (Raspberry) Seed Oil, Prunus Amygdalus Dulcis (Sweet Almond) Oil, Glycyrrhiza Glabra Extract, Hippophae Rhamnoides Fruit Extract, Vitis Vinifera (Grape) Seed Oil, Solanum Lycopersicum (Tomato) Seed Oil, Vaccinium Macrocarpon (Cranberry) Seed Oil, Lycopene, Tocopherol, Panthenol, Dipotassium Glycyrrhizate, Sodium Hyaluronate, Allantoin, Phytic Acid, Sodium Citrate, Xanthan Gum, Sodium Benzoate, Potassium Sorbate, Dehydroacetic Acid, Benzyl Alcohol, Sodium Hydroxide, Parfum, Limonene, Linalool.",4.3,50.0,149.98,104.98,Clochee,30.004000533404447,"water, butyrospermum parkii (shea) butter, helianthus annuus (sunflower) seed oil, caprylic,capric triglyceride, glyceryl stearate se, cetearyl alcohol, glyceryl stearate citrate, glycerin, rubus idaeus (raspberry) seed oil, prunus amygdalus dulcis (sweetalmond) oil, glycyrrhiza glabra extract, hippophae rhamnoide fruit extract, vitis vinifera (grape) seed oil, solanum lycopersicum (tomato) seed oil, vaccinium macrocarpon (cranberry) seed oil, lycopene, tocopherol, panthenol, dipotassium glycyrrhizate, sodium hyaluronate, allantoin, phytic acid, sodium citrate, xanthan gum, sodium benzoate, potassium sorbate, dehydroacetic acid, benzyl alcohol, sodium hydroxide, parfum, limonene, linalool."
Holika Holika Black Snail,"krem przeciwzmarszczkowy do twarzy, 50 ml",15,59.99,99.99,/holika-holika-krem-przeciwzmarszczkowy-do-twarzy-50-ml-000000000000380838.html,przeciwzmarszczkowy,"Snail Secretion Filtrate, Butylene Glycol, Glycerin, Betaine, Niacinamide, Pentaerythrityl Tetraethylhexanoate, Cyclohexasiloxane, Cetearyl Alcohol, Cocos Nucifera (Coconut) Oil, Aloe Barbadensis Leaf Extract, Water, Cyclopentasiloxane, Glycereth-26, Glycol Stearate SE, Stearic Acid, Hydrogenated Lecithin, Butyrospermum Parkii (Shea) Butter, Phenyl Trimethicone, Pentaerythrityl Tetraethylhexanoate, Cetearyl Glucoside, Glyceryl Stearate, PEG-100 Stearate, Hydroxyethyl Acrylate/Sodium Acryloyldimethyl Taurate Copolymer, Dimethicone, Cyclomethicone, Polyethylene, PEG/PPG-20/15 Dimethicone, Phenyl Methicone, Squalane, Polysorbate 60, Sodium Hyaluronate, PEG/PPPG-19/19 Dimethicone, Panax Ginseng Callus Culture Extract, Brassica Napus Sprout Extract, Punica Granatum Fruit Extract, Yeast Extract, Glycine Soja (Soybean) Phytoplacenta Extract, Pearl Powder, Theobroma Cacao (Cocoa) Seed Extract, Xanthan Gum, Carbomer, Adenosine, Disodium EDTA, Trometh-amine, Caprylyl Glycol, Caprylhydroxamic Acid, Phenoxyethanol, Sodium Benzoate, Potassium Sorbate, Fragrance",4.8,50.0,199.98,119.98,Holika Holika,40.00400040004,"snail secretion filtrate, butylene glycol, glycerin, betaine, niacinamide, pentaerythrityl tetraethylhexanoate, cyclohexasiloxane, cetearyl alcohol, cocos nucifera (coconut) oil, aloe barbadensis leaf extract, water, cyclopentasiloxane, glycereth-26, glycol stearate se, stearic acid, hydrogenate lecithin, butyrospermum parkii (shea) butter, phenyl trimethicone, pentaerythrityl tetraethylhexanoate, cetearyl glucoside, glyceryl stearate, peg-100 stearate, hydroxyethyl acrylate,sodium acryloyldimethyl taurate copolymer, dimethicone, cyclomethicone, polyethylene, peg,ppg-20/15 dimethicone, phenyl methicone, squalane, polysorbate 60, sodium hyaluronate, peg,pppg-19/19 dimethicone, panax ginseng callus culture extract, brassica napus sprout extract, punica granatum fruit extract, yeast extract, glycine soja (soybean) phytoplacenta extract, pearl powder, theobroma cacao (cocoa) seed extract, xanthan gum, carbomer, adenosine, disodium edta, trometh - amine, caprylyl glycol, caprylhydroxamic acid, phenoxyethanol, sodium benzoate, potassium sorbate, fragrance"
Ziaja GdanSkin,"kolagenowy krem do twarzy na noc wygładzający zmarszczki, 50 ml",9,12.29,12.29,/ziaja-kolagenowy-krem-do-twarzy-na-noc-wygladzajacy-zmarszczki-50ml-000000000000351267.html,Nawilżające,"Aqua (Water),Cetearyl Ethylhexanoate,Glycerin,Triethylhexanoin,Hydrogenated Coco-Glycerides,Canola Oil,Dimethicone,Glyceryl Stearate,PEG-100 Stearate,Bacopa Monniera Extract,Butylene Glycol,Hydroxyethylcellulose,Cetyl Alcohol,Potassium Cetyl Phosphate,Soluble Collagen,Panthenol,Tocopheryl Acetate,Saccharomyces/ Znic Ferment,Saccharomyces/ Copper Ferment,Saccharomyces/ Magnesium Ferment,Saccharmyces/ Iron Ferment,Saccharomyces/ Silicon Ferment,Propylene Glycol,Marrubium Vulgare Extract,Sodium Hyaluronate,Helichrysum Stoechas Flower Extract,Sodium Polyacrylate,Phenoxyethanol,Ethylhexylglycerin,Parfum (Fragrance),Hydroxycitronellal,Alpha-Isomethyl Ionone,Coumarin,Limonene,Linalool",4.9,50.0,24.58,24.58,Ziaja,0.0,"water (water),cetearyl ethylhexanoate, glycerin, triethylhexanoin, hydrogenated coco - glycerides, canola oil, dimethicone, glyceryl stearate, peg-100 stearate, bacopa monniera extract, butylene glycol, hydroxyethylcellulose, cetyl alcohol, potassium cetyl phosphate, soluble collagen, panthenol, tocopheryl acetate, saccharomyces/ znic ferment, saccharomyces/ copper ferment, saccharomyces/ magnesium ferment, saccharmyces/ iron ferment, saccharomyces/ silicon ferment, propylene glycol, marrubium vulgare extract, sodium hyaluronate, helichrysum stoechas flower extract, sodium polyacrylate, phenoxyethanol, ethylhexylglycerin, parfum (fragrance),hydroxycitronellal, alpha - isomethyl ionone, coumarin, limonene, linalool"
Sylveco,"krem z betuliną do twarzy, 50 ml",6,39.99,49.99,/sylveco-krem-z-betulina-do-twarzy-50-ml-000000000000403771.html,Łagodzące,"Aqua,Glycine Soja Oil,Simmondsia Chinensis Seed Oil,Vitis Vinifera Seed Oil,Cera Alba,Betulin,Sodium Stearate,Calendula Officinalis Flower Extract,Sodium Levulinate,Sodium Anisate,Citric Acid",4.3,50.0,99.98,79.98,Sylveco,20.004000800160032,"water, glycine soja oil, simmondsia chinensis seed oil, vitis vinifera seed oil, cera alba, betulin, sodium stearate, calendula officinalis flower extract, sodium levulinate, sodium anisate, citric acid"
Pharmaceris T Sebostatic,"przeciw­trądzikowy krem normalizujący SPF20 do twarzy zwężający pory na dzień, 50 ml",11,56.99,56.99,/pharmaceris-przeciw%C2%ADtradzikowy-krem-normalizujacy-spf20-do-twarzy-zwezajacy-pory-na-dzien-50-ml-000000000000225418.html,ochrona UV,"Formuła Pore-Diminish – skutecznie odblokowuje i oczyszcza pory, zmniejszając ich wielkość oraz widoczność.
Kwas cytrynowy – delikatnie złuszcza zrogowaciały naskórek, rozjaśniając oraz wygładzając strukturę skóry trądzikowej.
Piroktonin olaminy – działa antybakteryjnie, przywraca równowagę mikroflory naskórka, niwelując łuszczenie się skóry, zapobiegając nawrotom dolegliwości. Wspomaga ustępowanie istniejących zmian grudkowo-krostkowych.
Ester kwasu winowego – głęboko nawilża skórę, wygładza ją i zmiękcza. Wykazuje lekkie działanie keratolitczne, reguluje wydzielanie sebum, redukuje liczbę zmian skórnych.",3.9,50.0,113.98,113.98,Pharmaceris,0.0,"formuła pore - diminish – skutecznie odblokowuje i oczyszcza pory, zmniejszając ich wielkość oraz widoczność. 
 kwas cytrynowy – delikatnie złuszcza zrogowaciały naskórek, rozjaśniając oraz wygładzając strukturę skóry trądzikowej. 
 piroktonin olaminy – działa antybakteryjnie, przywraca równowagę mikroflory naskórka, niwelując łuszczenie się skóry, zapobiegając nawrotom dolegliwości. wspomaga ustępowanie istniejących zmian grudkowo - krostkowych. 
 ester kwasu winowego – głęboko nawilża skórę, wygładza ją i zmiękcza. wykazuje lekkie działanie keratolitczne, reguluje wydzielanie sebum, redukuje liczbę zmian skórnych."
Nivea Q10 Ujędrnienie,"przeciwzmarszczkowy krem pod oczy, 15 ml",8,29.99,51.99,/nivea-krem-pod-oczy-o-dzialaniu-przeciwzmarszczkowym-ujedrniajacym-15ml-000000000000218842.html,przeciwzmarszczkowy,"Aqua, Glycerin, Dicaprylyl Carbonate, Methylpropanediol, Glyceryl Stearate, Cetearyl Alcohol, Hydrogenated Vegetable Oil, Tapioca Starch, C12-15 Alkyl Benzoate, Caprylic/Capric Triglyceride, Octyldodecanol, 1,2 Hexanediol, Ubiquinone, Creatine, 1-Methylhydantoin-2-Imide, Tocopherol, Potassium Cetyl Phosphate, Hydrogenated Palm Glycerides, Caprylyl Glycol, Ethylhexylglycerin, Carrageenan, Xanthan Gum, Sodium Hydroxide, Phenoxyethanol, CI 77891",5.0,15.0,346.6,199.93,Nivea,42.31582996730141,"water, glycerin, dicaprylyl carbonate, methylpropanediol, glyceryl stearate, cetearyl alcohol, hydrogenated vegetable oil, tapioca starch, c12 - 15 alkyl benzoate, caprylic,capric triglyceride, octyldodecanol, 1,2 hexanediol, ubiquinone, creatine, 1 - methylhydantoin-2 - imide, tocopherol, potassium cetyl phosphate, hydrogenated palm glycerides, caprylyl glycol, ethylhexylglycerin, carrageenan, xanthan gum, sodium hydroxide, phenoxyethanol, ci 77891"
L'Oréal Paris Men Expert Vita Lift,"nawilżający krem do twarzy przeciw oznakom starzenia męski, 50 ml",6,54.99,72.99,/loreal-paris-men-expert-nawilzajacy-krem-do-twarzy-50ml-000000000000231463.html,nawilżający,QUA / WATER • DIMETHICONE • GLYCERIN • CAPRYLIC/CAPRIC TRIGLYCERIDE • ALCOHOL DENAT. • ALUMINUM STARCH OCTENYLSUCCINATE • PEG-100 STEARATE • GLYCERYL STEARATE • BUTYROSPERMUM PARKII BUTTER / SHEA BUTTER • AMMONIUM POLYACRYLOYLDIMETHYL TAURATE • VITIS VINIFERA SEED EXTRACT / GRAPE SEED EXTRACT • MENTHA PIPERITA EXTRACT / PEPPERMINT EXTRACT • C12-13 PARETH-23 • C12-13 PARETH-3 • STEARIC ACID • ISOBUTANE • DIMETHICONOL • SODIUM HYDROXIDE • SILICA • MYRISTIC ACID • DIVINYLDIMETHICONE/DIMETHICONE COPOLYMER • CYCLODEXTRIN • PALMITIC ACID • ASCORBYL GLUCOSIDE • DISODIUM EDTA • CAPRYLYL GLYCOL • CITRIC ACID • XANTHAN GUM • PENTYLENE GLYCOL • PISUM SATIVUM EXTRACT / PEA EXTRACT • ACRYLONITRILE/METHYL METHACRYLATE/VINYLIDENE CHLORIDE COPOLYMER • CETYL ALCOHOL • RETINYL PALMITATE • TOCOPHEROL • PENTAERYTHRITYL TETRA-DI-T-BUTYL HYDROXYHYDROCINNAMATE • PHENOXYETHANOL • LINALOOL • ALPHA-ISOMETHYL IONONE • LIMONENE • HEXYL CINNAMAL • BENZYL ALCOHOL • BENZYL SALICYLATE • PARFUM / FRAGRANCE,4.0,50.0,145.98,109.98,L'Oréal Paris,24.66091245376078,"qua,water,dimethicone,glycerin,caprylic,capric triglyceride,alcohol denat.,aluminum starch octenylsuccinate,peg-100 stearate,glyceryl stearate,butyrospermum parkii butter,shea butter,ammonium polyacryloyldimethyl taurate,vitis vinifera seed extract,grape seed extract,mentha piperita extract,peppermint extract,c12 - 13 pareth-23,c12 - 13 pareth-3,stearic acid,isobutane,dimethiconol,sodium hydroxide,silica,myristic acid,divinyldimethicone,dimethicone copolymer,cyclodextrin,palmitic acid,ascorbyl glucoside,disodium edta,caprylyl glycol,citric acid,xanthan gum,pentylene glycol,pisum sativum extract,pea extract,acrylonitrile,methyl methacrylate,vinylidene chloride copolymer,cetyl alcohol,retinyl palmitate,tocopherol,pentaerythrityl tetra - di - t - butyl hydroxyhydrocinnamate,phenoxyethanol,linalool,alpha - isomethyl ionone,limonene,hexyl cinnamal,benzyl alcohol,benzyl salicylate,parfum,fragrance"
Benton UV Defense Sun Cream,"krem przeciwsłoneczny do twarzy z SPF50+ PA++++, 50 ml",5,99.99,99.99,/benton-krem-przeciwsloneczny-do-twarzy-z-spf50-pa-50-ml-000000000000427910.html,ochrona UV,"Aqua (Water),Dibutyl Adipate,Propanediol,Diethylamino Hydroxybenzoyl Hexyl Benzoate,Polymethylsilsesquioxane,Ethylhexyl Triazone,Niacinamide,Methylene Bis-Benzotriazolyl Tetramethylbutylphenol,Coco-Caprylate/Caprate,Caprylyl Methicone,Diethylhexyl Butamido Triazone,Glycerin,1,2-Hexanediol,Butylene Glycol,Pentylene Glycol,Centella Asiatica Extract,Behenyl Alcohol,Poly C10-30 Alkyl Acrylate,Polyglyceryl-3 Methylglucose Distearate,Decyl Glucoside,Melia Azadirachta Leaf Extract,Melia Azadirachta Flower Extract,Acrylates/C10-30 Alkyl Acrylate Crosspolymer,Panthenol,Tocopherol,Dipotassium Glycyrrhizate,Madecassoside,Madecassic Acid,Asiaticoside,Asiatic Acid,Tromethamine,Carbomer,Sodium Stearoyl Glutamate,Polyacrylate Crosspolymer-6,Ethylhexylglycerin,Adenosine,Rosmarinus Officinalis (Rosemary) Leaf Oil,Xanthan Gum,t-Butyl Alcohol",4.7,50.0,199.98,199.98,Benton,0.0,"water (water),dibutyl adipate, propanediol, diethylamino hydroxybenzoyl hexyl benzoate, polymethylsilsesquioxane, ethylhexyl triazone, niacinamide, methylene bis - benzotriazolyl tetramethylbutylphenol, coco - caprylate,caprate, caprylyl methicone, diethylhexyl butamido triazone, glycerin,1,2 - hexanediol, butylene glycol, pentylene glycol, centella asiatica extract, behenyl alcohol, poly c10 - 30 alkyl acrylate, polyglyceryl-3 methylglucose distearate, decyl glucoside, melia azadirachta leaf extract, melia azadirachta flower extract, acrylates,c10 - 30 alkyl acrylate crosspolymer, panthenol, tocopherol, dipotassium glycyrrhizate, madecassoside, madecassic acid, asiaticoside, asiatic acid, tromethamine, carbomer, sodium stearoyl glutamate, polyacrylate crosspolymer-6,ethylhexylglycerin, adenosine, rosmarinus officinalis (rosemary) leaf oil, xanthan gum, t - butyl alcohol"
Basiclab Famillias,"nawilżający krem o bogatej konsystencji do twarzy, 75 ml",142,39.99,39.99,/basiclab-nawilzajacy-krem-o-bogatej-konsystencji-do-twarzy-75-ml-000000000000383401.html,nawilżający,"Aqua (Water), Aloe Barbadensis Leaf Juice, Prunus Amygdalus Dulcis (Sweet Almond) Oil, Vitis Vinifera (Grape) Seed Oil, Cetearyl Alcohol, Glycerin, Glyceryl Stearate Citrate, Pentylene Glycol, Sodium Hyaluronate, Cucumis Sativus Fruit Extract, Nelumbo Nucifera Flower Extract, Nymphaea Coerulea Flower Extract, Rosa Damascena Flower Water, Trehalose, Allantoin, Calcium Gluconate, Copper Gluconate, Gluconolactone, Hydroxyacetophenone, Magnesium Aspartate, Panthenol, Propanediol, Potassium Sorbate, Sodium Benzoate, Tocopherol, Zinc Gluconate.",4.4,75.0,53.32,53.32,Basiclab,0.0,"water (water), aloe barbadensis leaf juice, prunus amygdalus dulcis (sweetalmond) oil, vitis vinifera (grape) seed oil, cetearyl alcohol, glycerin, glyceryl stearate citrate, pentylene glycol, sodium hyaluronate, cucumis sativus fruit extract, nelumbo nucifera flower extract, nymphaea coerulea flower extract, rosa damascena flower water, trehalose, allantoin, calcium gluconate, copper gluconate, gluconolactone, hydroxyacetophenone, magnesium aspartate, panthenol, propanediol, potassium sorbate, sodium benzoate, tocopherol, zinc gluconate."
Ava Beauty Home Care,"krem do twarzy z kwasem hialuronowym, 100 ml",7,38.99,38.99,/ava-krem-z-kwasem-hialuronowym-100ml-000000000000264066.html,"Nawilżające,
Przeciwzmarszczkowe,
Regenerujące,
Wygładzające","Aqua, Paraffinum Liquidum, Glyceryl Stearate, Glycerin, Glycine Soja Oil, Isopropyl Myristate, Cetearyl Alcohol, Ceteareth-20, Dimethicone, Sodium Hyaluronate, Ceteareth-12, Cetyl Palmitate, Phenoxyethanol, Acrylates/C10-30 Alkyl Acrylate Crosspolymer, Triethanolamine, Xanthan Gum, Disodium EDTA, Ethylhexylglycerin, Parfum.",5.0,100.0,38.99,38.99,Ava,0.0,"water, paraffinum liquidum, glyceryl stearate, glycerin, glycine soja oil, isopropyl myristate, cetearyl alcohol, ceteareth-20, dimethicone, sodium hyaluronate, ceteareth-12, cetyl palmitate, phenoxyethanol, acrylates,c10 - 30 alkyl acrylate crosspolymer, triethanolamine, xanthan gum, disodium edta, ethylhexylglycerin, parfum."
Equilibra Aloe,"krem przeciwzmarszczkowy do twarzy, 50 ml",7,55.99,55.99,/equilibra-krem-przeciwzmarszczkowy-do-twarzy-50ml-000000000000311251.html,przeciwzmarszczkowy,"Aloe Barbadensis Leaf Juice, Aqua (Water), Prunus Amygdalus Dulcis (Sweet Almond) Oil, Glyceryl Stearate Se, Coco-caprylate, Cetearyl Alcohol, Glycerin, Aluminum Starch Octenylsuccinate, Tocopheryl Acetate, Cannabis Sativa Seed Oil, Sodium Hyaluronate, Lecithin, Tocopherol, Ascorbyl Palmitate, Retinyl Palmitate, Helianthus Annuus (Sunflower) Seed Oil, Citric Acid, Xanthan Gum, Sodium Stearoyl Glutamate, Phenoxyethanol, Sodium Benzoate, Dehydroacetic Acid, Methyldihydrojasmonate, Tetrasodium Glutamate Diacetate.",4.5,50.0,111.98,111.98,Equilibra,0.0,"aloe barbadensis leaf juice, water (water), prunus amygdalus dulcis (sweetalmond) oil, glyceryl stearate se, coco - caprylate, cetearyl alcohol, glycerin, aluminum starch octenylsuccinate, tocopheryl acetate, cannabis sativa seed oil, sodium hyaluronate, lecithin, tocopherol, ascorbyl palmitate, retinyl palmitate, helianthus annuus (sunflower) seed oil, citric acid, xanthan gum, sodium stearoyl glutamate, phenoxyethanol, sodium benzoate, dehydroacetic acid, methyldihydrojasmonate, tetrasodium glutamate diacetate."
Revuele Hydralift Hyaluron,"nawilżający krem-fluid do twarzy na dzień SPF15, 50 ml",86,11.99,11.99,/revuele-nawilzajacy-krem-fluid-do-twarzy-na-dzien-spf15-50-ml-000000000000322895.html,nawilżający,"Aqua, Paraffinum Liquidum, Glyceryl Stearate, Cetearyl Alcohol, Glycerin, Cyclopentasiloxan, Caprylic/Capryc Triglyceride, Ceteareth-20,Ceteareth-12, Cetyl Palmitate, Ethylhexyl Methoxycinnamate, Diethylamino Hydroxybenzoyl Hexyl Benzoate, Bis-Ethylhexyloxyphenol Methoxyphenyl Triazine, Sodium Hyaluronate, Polydimethylsiloxane, Phenoxyethanol, Olea Europaea Oil, Maris Aqua, Acrylates/C10-30 Alkyl Acrylate Crosspolymer, Parfume, Triethanolamine, Allantoine, BHT.",4.6,50.0,23.98,23.98,Revuele,0.0,"water, paraffinum liquidum, glyceryl stearate, cetearyl alcohol, glycerin, cyclopentasiloxan, caprylic,capryc triglyceride, ceteareth-20,ceteareth-12, cetyl palmitate, ethylhexyl methoxycinnamate, diethylamino hydroxybenzoyl hexyl benzoate, bis - ethylhexyloxyphenol methoxyphenyl triazine, sodium hyaluronate, polydimethylsiloxane, phenoxyethanol, olea europaea oil, maris water, acrylates,c10 - 30 alkyl acrylate crosspolymer, parfume, triethanolamine, allantoine, bht."
Bielenda Ananas,"krem nawilżający do twarzy, 50 ml",27,18.89,25.99,/bielenda-krem-nawilzajacy-do-twarzy-50-ml-000000000000383614.html,nawilżający,"Aqua (Water),Coco-Caprylate/ Caprate,Propanediol,Squalane,Glyceryl Stearate,Orbignya Oleifera Seed Oil,Stearyl Alcohol,Ethyl Oleate,Olus Oil,Trehalose,Mandelic Acid,Glycolic Acid,Lactic Acid,Ascorbic Acid,Malpighia Glabra (Acerola) Fruit Extract,Ananas Sativus (Pineapple) Fruit Juice,Squalene,Ascorbyl Palmitate,Sodium Lactate,Glycerin,Potassium Cetyl Phosphate,Sodium Stearoyl Glutamate,Xanthan Gum,Maltodextrin,Mica,Tocopherol,Beta-Carotene,Beta-Sitosterol,Glycine Soja (Soybean) Oil,Sodium Benzoate,Sodium Salicylate,Potassium Sorbate,Parfum (Fragrance),Benzyl Salicylate,Coumarin,Hexyl Cinnamal,Limonene,Linalool,CI 77891",4.1,50.0,51.98,37.78,Bielenda,27.318199307425928,"water (water),coco - caprylate/ caprate, propanediol, squalane, glyceryl stearate, orbignya oleifera seed oil, stearyl alcohol, ethyl oleate, olus oil, trehalose, mandelic acid, glycolic acid, lactic acid, ascorbic acid, malpighia glabra (acerola) fruit extract, ananas sativus (pineapple) fruit juice, squalene, ascorbyl palmitate, sodium lactate, glycerin, potassium cetyl phosphate, sodium stearoyl glutamate, xanthan gum, maltodextrin, mica, tocopherol, beta - carotene, beta - sitosterol, glycine soja (soybean) oil, sodium benzoate, sodium salicylate, potassium sorbate, parfum (fragrance),benzyl salicylate, coumarin, hexyl cinnamal, limonene, linalool, ci 77891"
Bioderma Sébium Kerato+,"krem-żel do twarzy przeciwtrądzikowy, 30 ml",8,55.99,79.99,/bioderma-krem-zel-do-twarzy-przeciwtradzikowy-30-ml-000000000000427864.html,Seboregulujące,"AQUA/WATER/EAU, DI-C12-13ALKYL MALATE, PROPANEDIOL, PROPYLHEPTYLCAPRYLATE, GLYCERIN, SALICYLIC ACID,SODIUM POLYACRYLOYLDIMETHYL TAURATE,A RAC H I DY L A LCO H O L , D I M E T H I CO N E ,CETEARYL ALCOHOL, BEHENYL ALCOHOL,COCO-GLUCOSIDE, ARACHIDYL GLUCOSIDE,SODIUM HYDROXIDE, SODIUM CITRATE,CHONDRUS CRISPUS EXTRACT, MANNITOL,PROPYL GALLATE, XYLITOL, RHAMNOSE,SODIUM METABISULFITE, TOCOPHEROL,FRAGRANCE (PARFUM). [BI 2045]",4.9,30.0,266.63,186.63,Bioderma,30.003750468808594,"water,water,eau, di - c12 - 13alkyl malate, propanediol, propylheptylcaprylate, glycerin, salicylic acid, sodium polyacryloyldimethyl taurate, a rac h i dy l a lco h o l, d i m e t h i co n e, cetearyl alcohol, behenyl alcohol, coco - glucoside, arachidyl glucoside, sodium hydroxide, sodium citrate, chondrus crispus extract, mannitol, propyl gallate, xylitol, rhamnose, sodium metabisulfite, tocopherol, fragrance (parfum)., bi 2045 ]"
Bioliq Dermo,"regeberujący krem do cery trądzikowej na noc, 50 ml",9,17.49,24.99,/bioliq-regeberujacy-krem-do-cery-tradzikowej-na-noc-50-ml-000000000000278230.html,Seboregulujące,"Aqua,Cetearyl Ethylhexanoate,Cyclopentasiloxane,Cetyl Alcohol,Isohexadecane,Macadamia Integrifolia Seed Oil,Glycerin,Polyacrylamide/ Hydrogenated Polydecene/ Laureth-7,Glyceryl Stearate Citrate,Stearyl Alcohol,Aloe Barbadensis Leaf Juice,Glycerin/ Alcohol/ Cimicifuga Racemosa Root Extract,PEG-60 Almond Glycerides/ Butylene Glycol/ Caprylyl Glycol/ Carbomer/ Glycerin/ Nordihydroguaiaretic Acid/ Oleanolic Acid,Glycerin/ Camellia Sinensis Leaf Extract,Dimethicone,Phenoxyethanol/ Ethylhexylglycerin,Alcohol/ Onopordum Acanthium Flower/ LeafI Stem Extract,Tocopherol,Disodium EDTA,Lactic Acid,Parfum,BHA",4.8,50.0,49.98,34.98,Bioliq,30.01200480192077,"water, cetearyl ethylhexanoate, cyclopentasiloxane, cetyl alcohol, isohexadecane, macadamia integrifolia seed oil, glycerin, polyacrylamide/ hydrogenate polydecene/ laureth-7,glyceryl stearate citrate, stearyl alcohol, aloe barbadensis leaf juice, glycerin/ alcohol/ cimicifuga racemosa root extract, peg-60 almond glycerides/ butylene glycol/ caprylyl glycol/ carbomer/ glycerin/ nordihydroguaiaretic acid/ oleanolic acid, glycerin/ camellia sinensis leaf extract, dimethicone, phenoxyethanol/ ethylhexylglycerin, alcohol/ onopordum acanthium flower/ leafi stem extract, tocopherol, disodium edta, lactic acid, parfum, bha"
Bandi Sebo Care,"matujący krem-żel nawilżający do twarzy, 50 ml",11,54.99,54.99,/bandi-matujacy-krem-zel-nawilzajacy-do-twarzy-50-ml-000000000000401478.html,nawilżający,"Aqua/Water, Pentylene Glycol, Coco-Caprylate/Caprate, C13-15 Alkane, Propanediol, Divinyldimethicone/Dimethicone/Phenylsilsesquioxane Crosspolymer, Coconut Alkanes, Sodium Acrylates Copolymer, Niacinamide, Saccharomyces Lysate Extract, Lactobacillus Ferment, Spirulina Maxima Powder, Allantoin, Tocopheryl Acetate, Glycerin, Lecithin, Lactoferrin, Glucose Oxidase, Lactoperoxidase, Disodium Phosphate, Glucose Pentaacetate, Sodium Hydroxide, Potassium Phosphate, Dilinoleic Acid/Propanediol Copolymer, Potassium Thiocyanate, Tetrasodium Glutamate Diacetate, Parfum/Fragrance, Phenoxyethanol, Ethylhexylglycerin, Limonene, Alpha-Isomethyl Ionone",3.8,50.0,109.98,109.98,Bandi,0.0,"water,water, pentylene glycol, coco - caprylate,caprate, c13 - 15 alkane, propanediol, divinyldimethicone,dimethicone,phenylsilsesquioxane crosspolymer, coconut alkanes, sodium acrylates copolymer, niacinamide, saccharomyce lysate extract, lactobacillus ferment, spirulina maxima powder, allantoin, tocopheryl acetate, glycerin, lecithin, lactoferrin, glucose oxidase, lactoperoxidase, disodium phosphate, glucose pentaacetate, sodium hydroxide, potassium phosphate, dilinoleic acid,propanediol copolymer, potassium thiocyanate, tetrasodium glutamate diacetate, parfum,fragrance, phenoxyethanol, ethylhexylglycerin, limonene, alpha - isomethyl ionone"
Bielenda Professional Barrier Renew,"balsam do twarzy i ciała, 190 ml",7,69.99,69.99,/bielenda-professional-balsam-do-twarzy-i-ciala-190-ml-000000000000413835.html,Nawilżające,"Aqua (Water),Propanediol,Butyrospermum Parkii (Shea) Butter,Squalane,Caprylic/Capric Triglyceride,Glycerin,Cetearyl Alcohol,Glyceryl Stearate,Glucose,Simmondsia Chinensis (Jojoba) Seed Oil,Cholesterol,Prunus Amygdalus Dulcis (Sweet Almond) Oil,Ceramide NP,Ceramide AP,Ceramide EOP,Arginine PCA,Sodium Hyaluronate,Sodium Lactate,Urea,Lactic Acid,Allantoin,Phytosphingosine,Vegetable Oil,Glycine Soja (Soybean) Oil,Beta-Carotene,Squalene,Tocopherol,Beta-Sitosterol,Ascorbyl Palmitate,Sodium Stearoyl Glutamates,Sodium Lauroyl Lactylate,Dimethicone,Xanthan Gum,Carbomer,Ammonium Acryloyldimethyltaurate/VP Copolymer,Disodium EDTA,Phenoxyethanol,Ethylhexylglycerin,Benzyl Alcohol,Parfum (Fragrance),Benzyl Salicylate,Linalool",4.3,190.0,36.84,36.84,Bielenda,0.0,"water (water),propanediol, butyrospermum parkii (shea) butter, squalane, caprylic,capric triglyceride, glycerin, cetearyl alcohol, glyceryl stearate, glucose, simmondsia chinensis (jojoba) seed oil, cholesterol, prunus amygdalus dulcis (sweetalmond) oil, ceramide np, ceramide ap, ceramide eop, arginine pca, sodium hyaluronate, sodium lactate, urea, lactic acid, allantoin, phytosphingosine, vegetable oil, glycine soja (soybean) oil, beta - carotene, squalene, tocopherol, beta - sitosterol, ascorbyl palmitate, sodium stearoyl glutamates, sodium lauroyl lactylate, dimethicone, xanthan gum, carbomer, ammonium acryloyldimethyltaurate,vp copolymer, disodium edta, phenoxyethanol, ethylhexylglycerin, benzyl alcohol, parfum (fragrance),benzyl salicylate, linalool"
Solverx Sensitive,"krem do twarzy, 50 ml",37,19.99,31.99,/solverx-krem-do-twarzy-50-ml-000000000000407833.html,Łagodzące,"Aqua (Water), Caprylic/Capric Triglyceride, Helianthus Annuus (Sunflower) Seed Oil, Cetearyl Alcohol, Glycerin, Olea Europaea (Olive) Fruit Oil, Glyceryl Stearate Citrate, Linum Usitatissimum (Linseed) Seed Oil, Oenothera Biennis (Evening Primrose) Seed Oil, Pentylene Glycol, Achillea Millefolium Extract, Allantoin, Arginine, Butyrospermum Parkii (Shea) Butter, Lactobionic Acid, Glycyrrhiza Glabra Root Extract, Hydroxyacetophenone, Panthenol, Sodium Hyaluronate, Tocopheryl Acetate, Parfum (Fragrance).",4.9,50.0,63.98,39.98,Solverx,37.51172241325415,"water (water), caprylic,capric triglyceride, helianthus annuus (sunflower) seed oil, cetearyl alcohol, glycerin, olea europaea (olive) fruit oil, glyceryl stearate citrate, linum usitatissimum (linseed) seed oil, oenothera biennis (eveningprimrose) seed oil, pentylene glycol, achillea millefolium extract, allantoin, arginine, butyrospermum parkii (shea) butter, lactobionic acid, glycyrrhiza glabra root extract, hydroxyacetophenone, panthenol, sodium hyaluronate, tocopheryl acetate, parfum (fragrance)."
Make Me Bio Face Beauty,"krem do twarzy skłonnej do wyprysków, 60 ml",5,45.49,64.99,/make-me-bio-krem-do-twarzy-sklonnej-do-wypryskow-60-ml-000000000000405696.html,Seboregulujące,"Aqua ‹Woda›, Prunus Armeniaca ‹Morela› Kernel Oil, Cetearyl Alcohol, Polysorbate 60, Helianthus Annuus ‹Słonecznik› Seed Oil, Glycerin ‹Gliceryna Roślinna›, Olea Europaea ‹Oliwa z Oliwek› Oil, Cocos Nucifera ‹Kokos› Oil, Butyrospermum Parkii ‹Masło Shea› Butter, Stearic Acid, Zinc Oxide, Avena Sativa ‹Owies› Meal Extract, Allantoin, Tocopherol ‹Witamina E›, Sodium Hyaluronate, Xanthan Gum, Cucumis Melo ‹Melon› Fruit Extract, Fragaria Vesca ‹Poziomka› Fruit Extract, Vaccinium Macrocarpon ‹Żurawina› Fruit Extract, Hippophae Rhamnoides ‹Rokitnik› Fruit Oil, Melaleuca Alternifolia ‹Drzewko Herbaciane› Leaf Oil, Citrus Medica Limonum ‹Cytryna› Peel Oil, Propylene Glycol, Phenoxyethanol, Ethylhexylglycerin.",4.6,60.0,108.32,75.82,Make Me Bio,30.004616094783803,"water ‹woda›, prunus armeniaca ‹morela› kernel oil, cetearyl alcohol, polysorbate 60, helianthus annuus ‹słonecznik› seed oil, glycerin ‹gliceryna roślinna›, olea europaea ‹oliwa z oliwek› oil, cocos nucifera ‹kokos› oil, butyrospermum parkii ‹masło shea› butter, stearic acid, zinc oxide, avena sativa ‹owies› meal extract, allantoin, tocopherol ‹witamina e›, sodium hyaluronate, xanthan gum, cucumis melo ‹melon› fruit extract, fragaria vesca ‹poziomka› fruit extract, vaccinium macrocarpon ‹żurawina› fruit extract, hippophae rhamnoide ‹rokitnik› fruit oil, melaleuca alternifolia ‹drzewko herbaciane› leaf oil, citrus medica limonum ‹cytryna› peel oil, propylene glycol, phenoxyethanol, ethylhexylglycerin."
Garnier Hyaluronic Aloe Jelly,"lekki żel nawilżający do twarzy dla skóry normalnej i mieszanej, 50 ml",20,20.29,27.99,/garnier-zel-do-twarzy-50ml-000000000000358933.html,nawilżający,"967316 86 - INGREDIENTS: AQUA / WATER • GLYCERIN • PROPANEDIOL • ALCOHOL DENAT. • PENTYLENE GLYCOL • ALOE BARBADENSIS LEAF JUICE POWDER • VITIS VINIFERA FRUIT WATER / GRAPE FRUIT WATER • SODIUM HYALURONATE • SODIUM HYDROXIDE • CAPRYLYL GLYCOL • POLYGLYCERYL-10 LAURATE • ACRYLATES/C10-30 ALKYL ACRYLATE CROSSPOLYMER • SALICYLIC ACID • PARFUM / FRAGRANCE (F.I.L. B216915/1). Listy składników dla produktów naszej marki są regularnie aktualizowane. Zapoznaj się z listą składników na opakowaniu produktu, gdzie zawsze znajduje się najbardziej aktualna lista składników, aby upewnić się, że jest ona dla Ciebie odpowiednia.",4.4,50.0,55.98,40.58,Garnier,27.509824937477667,"967316 86 - ingredient: water,water,glycerin,propanediol,alcohol denat.,pentylene glycol,aloe barbadensis leaf juice powder,vitis vinifera fruit water,grape fruit water,sodium hyaluronate,sodium hydroxide,caprylyl glycol,polyglyceryl-10 laurate,acrylates,c10 - 30 alkyl acrylate crosspolymer,salicylic acid,parfum,fragrance (f.i.l.b216915/1). listy składników dla produktów naszej marki są regularnie aktualizowane. zapoznaj się z listą składników na opakowaniu produktu, gdzie zawsze znajduje się najbardziej aktualna lista składników, aby upewnić się, że jest ona dla ciebie odpowiednia."
L'biotica Repair Lash,"intensywnie regenerujący krem do rzęs na noc, 7 ml",36,14.69,20.99,/lbiotica-intensywnie-regenerujacy-krem-do-rzes-na-noc-10ml-000000000000245654.html,regenerujący,"Ricinus Communis Seed Oil, Hydrogenated Castor Oil, Brassica Campestris Seed Oil, Copernicia Cerifera Wax, Prunus Amygdalus Dulcis Oil, Macadamia Ternifolia Seed Oil, Vegetable Oil, Tocopheryl Acetate, Tocopherol.",4.7,7.0,299.86,209.86,L'biotica,30.014292520247732,"ricinus communis seed oil, hydrogenated castor oil, brassica campestris seed oil, copernicia cerifera wax, prunus amygdalus dulcis oil, macadamia ternifolia seed oil, vegetable oil, tocopheryl acetate, tocopherol."
Yasumi,"łagodzący krem do twarzy i ciała z filtrem SPF30, 100 ml",45,38.49,54.99,/yasumi-lagodzacy-krem-do-twarzy-i-ciala-z-filtrem-spf30-100-ml-000000000000382645.html,ochrona UV,"AQUA, OCTOCRYLENE, ETHYLHEXYL SALICYLATE, CYCLOPENTASILOXANE, PENTYLENE GLYCOL, GLYCERIN, C12-15 ALKYL BENZOATE, BUTYL METHOXYDIBENZOYLMETHANE, ALOE BARBADENSIS LEAF JUICE, PHENYLBENZIMIDAZOLE SULFONIC ACID, TRIETHANOLAMINE, HYDROGENATED POLYDECENE, GLYCERYL STEARATE, CETYL ALCOHOL, SIMMONDSIA CHINENSIS SEED OIL, GLYCERYL BEHENATE, ALLANTOIN, BENZYL ALCOHOL, BENZYL BENZOATE, BENZYL SALICYLATE, CARBOMER, CETETH-20, DIMETHICONE CROSSPOLYMER, DIMETHICONOL, DISODIUM EDTA, ETHYLPARABEN, HEXYL CINNAMAL, LIMONENE, LINALOOL, METHYLPARABEN, PARFUM, PEG-75 STEARATE, PHENOXYETHANOL, POTASSIUM, SORBATE, SODIUM BENZOATE, SODIUM HYDROXIDE, STEARETH-20, TOCOPHERYL ACETATE, XANTHAN GUM",4.6,100.0,54.99,38.49,Yasumi,30.00545553737043,"water, octocrylene, ethylhexyl salicylate, cyclopentasiloxane, pentylene glycol, glycerin, c12 - 15 alkyl benzoate, butyl methoxydibenzoylmethane, aloe barbadensis leaf juice, phenylbenzimidazole sulfonic acid, triethanolamine, hydrogenated polydecene, glyceryl stearate, cetyl alcohol, simmondsia chinensis seed oil, glyceryl behenate, allantoin, benzyl alcohol, benzyl benzoate, benzyl salicylate, carbomer, ceteth-20, dimethicone crosspolymer, dimethiconol, disodium edta, ethylparaben, hexyl cinnamal, limonene, linalool, methylparaben, parfum, peg-75 stearate, phenoxyethanol, potassium, sorbate, sodium benzoate, sodium hydroxide, steareth-20, tocopheryl acetate, xanthan gum"
Nacomi Argan Oil,"intensywnie nawilżający krem do twarzy z kwasem hialuronowym na noc 30+, 50 ml",38,23.99,39.99,/nacomi-krem-do-twarzy-nawilzajacy-z-kwasem-hialuronowym-50ml-000000000000277322.html,nawilżający,"Aqua, Argania Spinosa Kernel Oil, Butyrospermum Parkii Butter, Persea Gratissima Oil, Cetyl Alcohol, Glycerin, Cetearyl Alcohol, Glyceryl Stearate, Panthenol, Stearic Acid, Hydrolyzed Glycosaminoglycans, Sodium Lauroyl Glutamate, Benzyl Alcohol, Parfum, Dehydroacetic Acid, Hyaluronic Acid.",4.200000000000001,50.0,79.98,47.98,Nacomi,40.01000250062516,"water, argania spinosa kernel oil, butyrospermum parkii butter, persea gratissima oil, cetyl alcohol, glycerin, cetearyl alcohol, glyceryl stearate, panthenol, stearic acid, hydrolyzed glycosaminoglycans, sodium lauroyl glutamate, benzyl alcohol, parfum, dehydroacetic acid, hyaluronic acid."
Bielenda Ujędrniające Peptydy,"ujędrniająco-odbudowujący krem przeciwzmarszczkowy do twarzy 70+, 50 ml",8,20.99,29.99,/bielenda-ujedrniajaco-odbudowujacy-krem-przeciwzmarszczkowy-do-twarzy-70-50-ml-000000000000436300.html,ujędrniający,"Aqua (Water),Prunus Amygdalus Dulcis (Sweet Almond) Oil,Butyrospermum Parkii (Shea) Butter,Orbignya Oleifera (Babassu) Seed Oil,Crambe Abyssinica Seed Oil,Tripelargonin,Glyceryl Stearate,Glycerin,Cetearyl Alcohol,Lanolin,Propanediol,Palmitoyl Tripeptide-5,Palmitoyl Dipeptide-5 Diaminobutyroyl Hydroxythreonine,Acetyl Hexapeptide-8,Acetyl Tetrapeptide-15,Hydrolyzed Adansonia Digitata Seed Extract,Hydrolyzed Soy Protein,Rice Amino Acids,L-Proline,Ceramide NP,Squalene,Plukenetia Volubilis Seed Oil,Olea Europaea (Olive) Fruit Oil,Beta-Sitosterol,Glycine Soja (Soybean) Oil,Tocopherol,Ascorbyl Palmitate,Linoleic Acid,Linolenic Acid,Sodium Stearoyl Glutamate,Dimethicone,Polyglyceryl-10 Laurate,Disodium EDTA,Magnesium Chloride,Coco-Glucoside,Sorbic Acid,Citric Acid,Tetradecyl Aminobutyroylvalylaminobutyric Urea Trifluoroacetate,Ammonium Acryloyldimethyltaurate/VP Copolymer,Caprylyl Glycol,Sodium Benzoate,Benzyl Alcohol,Phenoxyethanol,Ethylhexylglycerin,Parfum,Limonene,Linalool",4.9,50.0,59.98,41.98,Bielenda,30.010003334444818,"water (water),prunus amygdalus dulcis (sweetalmond) oil, butyrospermum parkii (shea) butter, orbignya oleifera (babassu) seed oil, crambe abyssinica seed oil, tripelargonin, glyceryl stearate, glycerin, cetearyl alcohol, lanolin, propanediol, palmitoyl tripeptide-5,palmitoyl dipeptide-5 diaminobutyroyl hydroxythreonine, acetyl hexapeptide-8,acetyl tetrapeptide-15,hydrolyze adansonia digitata seed extract, hydrolyzed soy protein, rice amino acids, l - proline, ceramide np, squalene, plukenetia volubilis seed oil, olea europaea (olive) fruit oil, beta - sitosterol, glycine soja (soybean) oil, tocopherol, ascorbyl palmitate, linoleic acid, linolenic acid, sodium stearoyl glutamate, dimethicone, polyglyceryl-10 laurate, disodium edta, magnesium chloride, coco - glucoside, sorbic acid, citric acid, tetradecyl aminobutyroylvalylaminobutyric urea trifluoroacetate, ammonium acryloyldimethyltaurate,vp copolymer, caprylyl glycol, sodium benzoate, benzyl alcohol, phenoxyethanol, ethylhexylglycerin, parfum, limonene, linalool"
Solverx Acne Skin,"krem do twarzy do cery trądzikowej, 50 ml",8,47.99,47.99,/solverx-krem-do-twarzy-do-cery-tradzikowej-50-ml-000000000000412033.html,Kojące,"Aqua, Isopropyl Myristate, Rubus Idaeus Seed Oil, Simmondsia Chinensis (Jojoba) Seed Oil, Cetearyl Alcohol, Zinc Oxide, Ceteareth-20, Chamomilla Recutita Extract, Kaolin, Quercus Robur Bark Extract, Niacinamide, Glyceryl Stearate, Panthenol, Polyacrylate-13, Polyisobutene, Polysorbate 20, Sodium Benzoate, Potassium Sorbate, Disodium EDTA.",4.5,50.0,95.98,95.98,Solverx,0.0,"water, isopropyl myristate, rubus idaeus seed oil, simmondsia chinensis (jojoba) seed oil, cetearyl alcohol, zinc oxide, ceteareth-20, chamomilla recutita extract, kaolin, quercus robur bark extract, niacinamide, glyceryl stearate, panthenol, polyacrylate-13, polyisobutene, polysorbate 20, sodium benzoate, potassium sorbate, disodium edta."
Bandi Anti Dry,"emulsja do twarzy silnie nawilżająca, 50 ml",209,67.99,67.99,/bandi-emulsja-do-twarzy-silnie-nawilzajaca-50ml-000000000000298027.html,nawilżający,"Aqua/Water, Cyclopentasiloxane, Macadamia Integrifolia Seed Oil, Decyl Cocoate, Glycerin, Squalane, Panthenol, Dimethicone/Vinyl Dimethicone Crosspolymer, Arachidyl Alcohol, Cocos Nucifera (Coconut) Oil, Ectoin, Dimethicone, Triticum Vulgare (Wheat) Germ Extract, Saccharomyces Cerevisiae Extract, Sodium Hyaluronate, Hyaluronic Acid, Allantoin, Hydroxyectoin, Polysilicone-11, Behenyl Alcohol, Sodium Polyacrylate, Pentaerythrityl Distearate, Ethylhexyl Hydroxystearate, Arachidyl Glucoside, Sodium Stearoyl Glutamate, Butylene Glycol, Isoceteth-10, Silica, Disodium Cocoamphodiacetate, PVP, Decyl Glucoside, Parfum/Fragrance, Phenoxyethanol, Ethylhexylglycerin, Sodium Metabisulfite, Pantolactone",4.6,50.0,135.98,135.98,Bandi,0.0,"water,water, cyclopentasiloxane, macadamia integrifolia seed oil, decyl cocoate, glycerin, squalane, panthenol, dimethicone,vinyl dimethicone crosspolymer, arachidyl alcohol, cocos nucifera (coconut) oil, ectoin, dimethicone, triticum vulgare (wheat) germ extract, saccharomyce cerevisiae extract, sodium hyaluronate, hyaluronic acid, allantoin, hydroxyectoin, polysilicone-11, behenyl alcohol, sodium polyacrylate, pentaerythrityl distearate, ethylhexyl hydroxystearate, arachidyl glucoside, sodium stearoyl glutamate, butylene glycol, isoceteth-10, silica, disodium cocoamphodiacetate, pvp, decyl glucoside, parfum,fragrance, phenoxyethanol, ethylhexylglycerin, sodium metabisulfite, pantolactone"
Lirene C+E,"rewitalizujący krem do twarzy, 50 ml",5,28.99,28.99,/lirene-rewitalizujacy-krem-do-twarzy-50-ml-000000000000424325.html,Rewitalizujące,"Aqua (Water),Niacinamide,Glycerin,Butyrospermum Parkii (Shea) Butter,Decyl Oleate,Polyglyceryl-3 Methylglucose Distearate,Glyceryl Stearate,Oleyl Erucate,Pentylene Glycol,Panthenol,Cetearyl Alcohol,Pentaerythrityl Distearate,Prunus Amygdalus Dulcis (Sweet Almond) Oil,Tocopheryl Acetate,Lecithin,3-0-Ethyl Ascorbic Acid,Lonicera Caprifolium Flower Extract,Lonicera Japonica Flower Extract,Folic Acid,Hydroxyacetophenone,Tocopherol,Ricinus Communis (Castor) Seed Oil,Hydrogenated Vegetable Glycerides Citrate,Xanthan Gum,Hydrogenated Castor Oil,Sorbitol,Hydroxyethylcellulose,Dehydroacetic Acid,Benzoic Acid,Potassium Sorbate,Sodium Benzoate,Parfum (Fragrance),Hexyl Cinnamal,Limonene,Linalool,Benzyl Alcohol,Citronellol",5.0,50.0,57.98,57.98,Lirene,0.0,"water (water),niacinamide, glycerin, butyrospermum parkii (shea) butter, decyl oleate, polyglyceryl-3 methylglucose distearate, glyceryl stearate, oleyl erucate, pentylene glycol, panthenol, cetearyl alcohol, pentaerythrityl distearate, prunus amygdalus dulcis (sweetalmond) oil, tocopheryl acetate, lecithin,3 - 0 - ethyl ascorbic acid, lonicera caprifolium flower extract, lonicera japonica flower extract, folic acid, hydroxyacetophenone, tocopherol, ricinus communis (castor) seed oil, hydrogenated vegetable glycerides citrate, xanthan gum, hydrogenated castor oil, sorbitol, hydroxyethylcellulose, dehydroacetic acid, benzoic acid, potassium sorbate, sodium benzoate, parfum (fragrance),hexyl cinnamal, limonene, linalool, benzyl alcohol, citronellol"
Bielenda Cera naczynkowa,"krem do twarzy z korygującym pigmentem, 50 ml",5,18.19,24.99,/bielenda-krem-do-twarzy-z-korygujacym-pigmentem-50-ml-000000000000362545.html,Wzmacniające naczynka,"Aqua (Water),Cetearyl Alcohol,Caprylic/Capric Triglyceride,Isononyl Isononanoate,Ethylhexyl Stearate,Glycerin,Glyceryl Stearate,Theobroma Cacao (Cocoa) Seed Butter,Cyclopentasiloxane,Propylene Glycol,Panthenol,Betaine,Titanium Dioxide,Ceteareth-18,Troxerutin,Aesculus Hippocastanum (Horse Chestnut) Seed Extract,Tocopheryl Acetate,Sodium Hyaluronate,Allantoin,Tocopherol,Beta-Sitosterol,Squalene,Ascorbyl Palmitate,Glycine Soja (Soybean) Oil,Dimethicone,Disodium EDTA,Ammonium Acryloyldimethyltaurate/VP Copolymer,Ethylhexylglycerin,Phenoxyethanol,Methylparaben,Parfum (Fragrance),CI 77288 (Chromium Oxide Green)",4.6,50.0,49.98,36.38,Bielenda,27.210884353741488,"water (water),cetearyl alcohol, caprylic,capric triglyceride, isononyl isononanoate, ethylhexyl stearate, glycerin, glyceryl stearate, theobroma cacao (cocoa) seed butter, cyclopentasiloxane, propylene glycol, panthenol, betaine, titanium dioxide, ceteareth-18,troxerutin, aesculus hippocastanum (horsechestnut) seed extract, tocopheryl acetate, sodium hyaluronate, allantoin, tocopherol, beta - sitosterol, squalene, ascorbyl palmitate, glycine soja (soybean) oil, dimethicone, disodium edta, ammonium acryloyldimethyltaurate,vp copolymer, ethylhexylglycerin, phenoxyethanol, methylparaben, parfum (fragrance),ci 77288 (chromiumoxidegreen)"
Ziaja med,"krem tonujący SPF50+ do twarzy, 50 ml",41,28.99,28.99,/ziaja-med-krem-tonujacy-spf50-do-twarzy-50-ml-000000000000247022.html,ochrona UV,"Aqua (Water),C12-15 Alkyl Benzoate,Bis-Ethylhexyloxyphenol Methoxyphenyl Triazine,Polymethyl Methacrylate,Diethylamino Hydroxybenzoyl Hexyl Benzoate,Ethylhexyl Salicylate,Triethylhexanoin,Ethylhexyl Triazone,Glycerin,CI 77891 (Titanium Dioxide),Dimethicone,Potassium Cetyl Phosphate,Methylene Bis-Benzotriazoly Tetramethylbutylphenol (nano),Polyurethane-35,Cetyl Alcohol,Glyceryl Stearate,PEG-100 Stearate,Panthenol,Tocopheryl Acetate,Xanthan Gum,Carbomer,Disodium EDTA,DMDM Hydantoin,Methylparaben,Ethylparaben,Parfum (Fragrance),Citronellol,Limonene,Sodium Hydroxide,CI 77492,CI 77491,CI 77499",4.7,50.0,57.98,57.98,Ziaja,0.0,"water (water),c12 - 15 alkyl benzoate, bis - ethylhexyloxyphenol methoxyphenyl triazine, polymethyl methacrylate, diethylamino hydroxybenzoyl hexyl benzoate, ethylhexyl salicylate, triethylhexanoin, ethylhexyl triazone, glycerin, ci 77891 (titaniumdioxide),dimethicone, potassium cetyl phosphate, methylene bis - benzotriazoly tetramethylbutylphenol (nano),polyurethane-35,cetyl alcohol, glyceryl stearate, peg-100 stearate, panthenol, tocopheryl acetate, xanthan gum, carbomer, disodium edta, dmdm hydantoin, methylparaben, ethylparaben, parfum (fragrance),citronellol, limonene, sodium hydroxide, ci 77492,ci 77491,ci 77499"
Garnier Vitamin C,"rozświetlający krem z witaminą C do twarzy na dzień, 50 ml",7,23.09,32.99,/garnier-rozswietlajacy-krem-z-witamina-c-do-twarzy-na-dzien-50-ml-000000000000415338.html,"Odżywcze,
Rozświetlające,
Wygładzające",967591 6 - INGREDIENTS: AQUA / WATER • DICAPRYLYL ETHER • CAPRYLIC/CAPRIC TRIGLYCERIDE • CETEARYL ALCOHOL • GLYCERIN • SIMMONDSIA CHINENSIS SEED OIL / JOJOBA SEED OIL • PROPANEDIOL • GLYCERYL STEARATE CITRATE • GLYCERYL STEARATE • PENTYLENE GLYCOL • ARGANIA SPINOSA KERNEL OIL • ALOE BARBADENSIS LEAF JUICE POWDER • CITRUS PARADISI FRUIT EXTRACT / GRAPEFRUIT FRUIT EXTRACT • CALCIUM PCA • GLYCERYL STEARATE SE • SODIUM PHYTATE • ARGININE • ALCOHOL • ASCORBYL GLUCOSIDE • CITRIC ACID • XANTHAN GUM • TOCOPHEROL • SALICYLIC ACID • MICA • CI 77891 / TITANIUM DIOXIDE • LINALOOL • GERANIOL • LIMONENE • CITRAL • BENZYL ALCOHOL • PARFUM / FRAGRANCE (F.I.L. Z289279/1).,4.6,50.0,65.98,46.18,Garnier,30.0090936647469,"967591 6 - ingredient: water,water,dicaprylyl ether,caprylic,capric triglyceride,cetearyl alcohol,glycerin,simmondsia chinensis seed oil,jojoba seed oil,propanediol,glyceryl stearate citrate,glyceryl stearate,pentylene glycol,argania spinosa kernel oil,aloe barbadensis leaf juice powder,citrus paradisi fruit extract,grapefruit fruit extract,calcium pca,glyceryl stearate se,sodium phytate,arginine,alcohol,ascorbyl glucoside,citric acid,xanthan gum,tocopherol,salicylic acid,mica,ci 77891,titanium dioxide,linalool,geraniol,limonene,citral,benzyl alcohol,parfum,fragrance (f.i.l.z289279/1)."
Iwostin Solecrin,"krem ochronny do twarzy SPF50+, 50 ml",24,57.99,57.99,/iwostin-krem-ochronny-do-twarzy-spf50-50-ml-000000000000384762.html,ochrona UV,"Aqua,Caprylic/Capric Triglyceride,C12-15 Alkyl Benzoate,Ethylhexyl Methoxycinnamate,Isopropyl Palmitate,Methylpropanediol,Titanium Dioxide,Glycerin,Potassium Cetyl Phosphate,Butyl Methoxydibenzoylmethane,Ethoxydiglycol,Methylene Bis-Benzotriazolyl Tetramethylbutylphenol [nano],Bis-Ethylhexyloxyphenol Methoxyphenyl Triazine,Hydrogenated Polydecene,VP/Eicosene Copolymer,Glyceryl Stearate SE,Cetearyl Alcohol,Aluminum Starch Octenylsuccinate,Caprylyl Glycol,Laminaria Ochroleuca Extract,Squalane,Hydrogenated Olive Oil Stearyl Esters,Decyl Glucoside,Hydroxyethyl Acrylate/Sodium Acryloyldimethyl Taurate Copolymer,Acrylates/C10-30 Alkyl Acrylate Crosspolymer,Propylene Glycol,PEG-8,Hydroxystearic Acid,Polysorbate 60,Sorbitan Isostearate,Xanthan Gum,Triethanolamine,Citric Acid,Tocopherol,Tocopheryl Acetate,Ascorbic Acid,Ascorbyl Palmitate,BHT,Disodium EDTA,Phenylpropanol,Alumina,Dimethicone",3.4,50.0,115.98,115.98,Iwostin,0.0,"water, caprylic,capric triglyceride, c12 - 15 alkyl benzoate, ethylhexyl methoxycinnamate, isopropyl palmitate, methylpropanediol, titanium dioxide, glycerin, potassium cetyl phosphate, butyl methoxydibenzoylmethane, ethoxydiglycol, methylene bis - benzotriazolyl tetramethylbutylphenol, nano],bis - ethylhexyloxyphenol methoxyphenyl triazine, hydrogenated polydecene, vp,eicosene copolymer, glyceryl stearate se, cetearyl alcohol, aluminum starch octenylsuccinate, caprylyl glycol, laminaria ochroleuca extract, squalane, hydrogenated olive oil stearyl esters, decyl glucoside, hydroxyethyl acrylate,sodium acryloyldimethyl taurate copolymer, acrylates,c10 - 30 alkyl acrylate crosspolymer, propylene glycol, peg-8,hydroxystearic acid, polysorbate 60,sorbitan isostearate, xanthan gum, triethanolamine, citric acid, tocopherol, tocopheryl acetate, ascorbic acid, ascorbyl palmitate, bht, disodium edta, phenylpropanol, alumina, dimethicone"
Bielenda Professional Energy Boost,"energetyzująco-nawilżający krem z ultrastabilną witaminą C, 50 ml",46,54.99,69.99,/bielenda-professional-energetyzujaco-nawilzajacy-krem50ml-000000000000357725.html,nawilżający,"Aqua (Water),Propanediol,Glycerin,Trehalose,Crambe Abyssinica Seed Oil,Stearyl Alcohol,Triethylhexanoin,Squalane,Dimethicone,3-0-Ethyl Ascorbic Acid,Ferulic Acid,Caffeine,Panax Ginseng Root Extract,Tocopheryl Acetate,Allantoin,Lecithin,Carnitine,Ubiquinone,Tocopherol,Citric Acid,Sodium Citrate,Biotin,Beta-Sitosterol,Ascorbyl Palmitate,Glycine Soja (Soybean) Oil,Isododecane,Hydrogenated Tetradecenyl/Methylpentadecene,Ammonium Acryloyldimethyltaurate/VP Copolymer,Sodium Polyacrylate,Propylene Glycol,Sodium Stearoyl Glutamate,Phenoxyethanol,Ethylhexylglycerin,Potassium Sorbate,Trisodium EDTA,Methylparaben,Butylparaben,Ethylparaben,Propylparaben,Disodium EDTA,Benzyl Alcohol,Parfum (Fragrance),Limonene,Linalool",4.8,50.0,139.98,109.98,Bielenda,21.431633090441483,"water (water),propanediol, glycerin, trehalose, crambe abyssinica seed oil, stearyl alcohol, triethylhexanoin, squalane, dimethicone,3 - 0 - ethyl ascorbic acid, ferulic acid, caffeine, panax ginseng root extract, tocopheryl acetate, allantoin, lecithin, carnitine, ubiquinone, tocopherol, citric acid, sodium citrate, biotin, beta - sitosterol, ascorbyl palmitate, glycine soja (soybean) oil, isododecane, hydrogenated tetradecenyl,methylpentadecene, ammonium acryloyldimethyltaurate,vp copolymer, sodium polyacrylate, propylene glycol, sodium stearoyl glutamate, phenoxyethanol, ethylhexylglycerin, potassium sorbate, trisodium edta, methylparaben, butylparaben, ethylparaben, propylparaben, disodium edta, benzyl alcohol, parfum (fragrance),limonene, linalool"
Dermedic Hydrain2,"nawilżający krem o przedłużonym działaniu, 50 g",453,24.99,24.99,/dermedic-nawilzajacy-krem-o-przedluzonym-dzialaniu-50ml-000000000000247674.html,nawilżający,"Aqua, Paraffinum Liquidum, Glycerin, Methylpropanediol, Butyrospermum Parkii Butter, Cyclopentasiloxane, Dimethicone, Urea, peg-100 stearate, Glyceryl Stearate, Cetyl Alcohol, Stearic Acid, Tocopheryl Acetate, Triethanolamine, Acrylates/c10-30 Alkyl Acrylate Crosspolymer, Xanthan Gum, Dmdm Hydantoin, Iodopropynyl Butylcarbamate, Edta, Parfum.",4.200000000000001,50.0,49.98,49.98,Dermedic,0.0,"water, paraffinum liquidum, glycerin, methylpropanediol, butyrospermum parkii butter, cyclopentasiloxane, dimethicone, urea, peg-100 stearate, glyceryl stearate, cetyl alcohol, stearic acid, tocopheryl acetate, triethanolamine, acrylates,c10 - 30 alkyl acrylate crosspolymer, xanthan gum, dmdm hydantoin, iodopropynyl butylcarbamate, edta, parfum."
Pharmaceris R Calm-Rosalgin,"krem redukujący zaczerwienienia na noc z kojącym kompleksem Ca2+, 30 ml",13,59.99,59.99,/pharmaceris-krem-redukujacy-zaczerwienienia-na-noc-z-kojacym-kompleksem-ca2-30-ml-000000000000264707.html,Kojące,"InnoTetrapeptide™ – innowacyjny peptyd stworzony aby zmniejszać widoczność zaczerwienień wywołanych reakcjami zapalnymi. Hamuje uwalnianie interleukin odpowiedzialnych za reakcje zapalne.
Tioprolina – jest silnym antyoksydantem. Wspomaga regenerację naskórka. Działa przeciwstarzeniowo i przeciwzapalnie. Chroni przed szkodliwym działaniem czynników zewnętrznych.
Ekstrakt z liści drzewa oliwnego – działa detoksyfikująco, usuwa szkodliwe produkty przemiany materii w komórkach, zwiększając odporność skóry na stres. Składnik zainspirowany nagrodą Nobla w dziedzinie biologii.
Calm-calcium Ca2+ – jony wapnia koją i łagodzą podrażnienia, posiadają właściwości antyseptyczne. W szczególności dedykowane dla skór wrażliwych z trądzikiem różowatym.",4.8,30.0,199.97,199.97,Pharmaceris,0.0,"innotetrapeptide ™ – innowacyjny peptyd stworzony aby zmniejszać widoczność zaczerwienień wywołanych reakcjami zapalnymi. hamuje uwalnianie interleukin odpowiedzialnych za reakcje zapalne. 
 tioprolina – jest silnym antyoksydantem. wspomaga regenerację naskórka. działa przeciwstarzeniowo i przeciwzapalnie. chroni prze szkodliwym działaniem czynników zewnętrznych. 
 ekstrakt z liści drzewa oliwnego – działa detoksyfikująco, usuwa szkodliwe produkty przemiany materii w komórkach, zwiększając odporność skóry na stre. składnik zainspirowany nagrodą nobla w dziedzinie biologii. 
 calm - calcium ca2 + – jony wapnia koją i łagodzą podrażnienia, posiadają właściwości antyseptyczne. w szczególności dedykowane dla skór wrażliwych z trądzikiem różowatym."
Ziaja Kozie Mleko,"krem nawilżający do twarzy dla cery suchej i skłonna do zmarszczek na dzień i na noc, 50 ml",11,11.29,11.29,/ziaja-krem-nawilzajacy-do-twarzy-dla-cery-suchej-i-sklonna-do-zmarszczek-na-dzien-i-na-noc-50-ml-000000000000215289.html,nawilżający,"Aqua (Water),Caprylic/Capric Triglyceride,Isononyl Isononanoate,Glycerin,Octocrylene,Cetearyl Alcohol,PEG-20 Stearate,Butyl Methoxydibenzoylmethane,Butyrospermum Parkii (Shea) Butter,Dimethicone,Glyceryl Stearate,Panthenol,Tocopheryl Acetate,Lactobacillus/Milk Solids/Glycine Soja (Soybean) Oil Ferment,Cyclodextrin,Olea Europaea (Olive) Fruit Oil,Propylene Glycol,Goat Milk Extract,Retinyl Palmitate,Hydroxyethyl Acrylate/Sodium Acryloyldimethyl Taurate Copolymer,DMDM Hydantoin,Methylparaben,Parfum (Fragrance),Linalool,Citronellol,Hexyl Cinnamal,Geraniol,Eugenol,Alpha-Isomethyl Ionone,Coumarin,Limonene,Citric Acid",4.3,50.0,22.58,22.58,Ziaja,0.0,"water (water),caprylic,capric triglyceride, isononyl isononanoate, glycerin, octocrylene, cetearyl alcohol, peg-20 stearate, butyl methoxydibenzoylmethane, butyrospermum parkii (shea) butter, dimethicone, glyceryl stearate, panthenol, tocopheryl acetate, lactobacillus,milk solids,glycine soja (soybean) oil ferment, cyclodextrin, olea europaea (olive) fruit oil, propylene glycol, goat milk extract, retinyl palmitate, hydroxyethyl acrylate,sodium acryloyldimethyl taurate copolymer, dmdm hydantoin, methylparaben, parfum (fragrance),linalool, citronellol, hexyl cinnamal, geraniol, eugenol, alpha - isomethyl ionone, coumarin, limonene, citric acid"
Embryolisse,"kryjący krem CC do twarzy SPF20, 30 ml",10,129.99,129.99,/embryolisse-kryjacy-krem-cc-do-twarzy-spf20-30-ml-000000000000370365.html,ochrona UV,AQUA (WATER). ISODECYL NEOPENTANOATE. CI 77891 (TITANIUM DIOXIDE). PENTAERYTHRITYL TETRABEHENATE. POLYMETHYL METHACRYLATE. BIS-ETHYLHEXYLPHENOL METHOXYPHENYL TRIAZINE. PEG-30 DIPHOLYHYDROXYSTEARATE. PENTAERYTHLITYL TETRASTEARATE. GLYCERIN. CORN STARCH MODIFIED. CI 77492 (IRON OXIDE). NYLON-12 FLUORESCENT BRIGHTENER 230 SALT. POLYGLYCERYL-4 ISOSTEARATE. SYNTHETIC FLUORPHLOGOPITE. CI 77491 (IRON OXIDE). PHENOXYETHANOL. PARFUM (FRAGRANCE). CI 77499 (IRON OXIDE). SODIUM CHLORIDE. POTASSIUM SORBATE. POLYVINYLALCOHOL CROSSPOLYMER. SODIUM HYALURONATE. BIOSACCHARIDE GUM-1.,4.8,30.0,433.3,433.3,Embryolisse,0.0,water (water). isodecyl neopentanoate. ci 77891 (titaniumdioxide). pentaerythrityl tetrabehenate. polymethyl methacrylate. bis - ethylhexylphenol methoxyphenyl triazine. peg-30 dipholyhydroxystearate. pentaerythlityl tetrastearate. glycerin. corn starch modified. ci 77492 (ironoxide). nylon-12 fluorescent brightener 230 salt. polyglyceryl-4 isostearate. synthetic fluorphlogopite. ci 77491 (ironoxide). phenoxyethanol. parfum (fragrance). ci 77499 (ironoxide). sodium chloride. potassium sorbate. polyvinylalcohol crosspolymer. sodium hyaluronate. biosaccharide gum-1.
Feel Free Facial Sunscreen,"krem do twarzy SPF30, 50 ml",41,34.99,49.99,/feel-free-krem-do-twarzy-spf30-50-ml-000000000000384960.html,ochrona UV,"Aqua (Water), Caprylic/Capric Triglyceride, Aloe Barbadensis Leaf Juice*, Zinc Oxide, Coco-Caprylate/Caprate, Titanium Dioxide, Glycerin, Polyglyceryl-2 Dipolyhydroxystearate, Pentylene Glycol, Polyglyceryl-3 Diisostearate, Aluminium Hydroxide, Persea Gratissima (Avocado) Oil*, Distarch Phosphate, Stearic Acid, Simmondsia Chinensis (Jojoba) Seed Oil*, Tocopherol, Citrus Limon (Lemon) Fruit Extract*, Zingiber Officinale Root Extract*, Glycyrrhiza Glabra (Licorice) Root Extract*, Beta-Sitosterol, Squalene, Glyceryl Laurate, Potassium Sorbate, Sodium Benzoate, Benzyl Alcohol, Xanthan Gum, Parfum (Fragrance)**.
* Składniki pochodzące z upraw ekologicznych.
** Zapach pochodzenia naturalnego.
Ogółem 99,09% pochodzenia naturalnego.
14,84% wszystkich składników pochodzi z upraw ekologicznych.",3.2999999999999994,50.0,99.98,69.98,Feel Free,30.006001200240046,"water (water), caprylic,capric triglyceride, aloe barbadensis leaf juice *, zinc oxide, coco - caprylate,caprate, titanium dioxide, glycerin, polyglyceryl-2 dipolyhydroxystearate, pentylene glycol, polyglyceryl-3 diisostearate, aluminium hydroxide, persea gratissima (avocado) oil *, distarch phosphate, stearic acid, simmondsia chinensis (jojoba) seed oil *, tocopherol, citrus limon (lemon) fruit extract *, zingiber officinale root extract *, glycyrrhiza glabra (licorice) root extract *, beta - sitosterol, squalene, glyceryl laurate, potassium sorbate, sodium benzoate, benzyl alcohol, xanthan gum, parfum (fragrance) * *. 
 * składniki pochodzące z upraw ekologicznych. 
 * * zapach pochodzenia naturalnego. 
 ogółem 99,09 % pochodzenia naturalnego. 
 14,84 % wszystkich składników pochodzi z upraw ekologicznych."
Skin79 Waterproof Sun Gel UV,"lekki krem przeciwsłoneczny do twarzy z SPF50 PA++++, 100 ml",99,84.99,84.99,/skin79-lekki-krem-przeciwsloneczny-do-twarzy-z-spf50-pa-100-ml-000000000000435701.html,ochrona UV,"Water,Ethylhexyl Methoxycinnamate,Ethylhexyl Salicylate,Homosalate,Propanediol,Diethylamino Hydroxybenzoyl Hexyl Benzoate,Bis-Ethylhexyloxyphenol Methoxyphenyl Triazine,Pentylene Glycol,1,2-Hexanediol,Ammonium Acryloyldimethyltaurate/VP Copolymer,Octyldodecanol,Dimethicone,Phenoxyethanol,Glyceryl Stearate,Fragrance (Limonene, Linalool, Citronellol, Citral, Hydroxycitronellal),Acrylates/C10-30 Alkyl Acrylate Crosspolymer,Tromethamine,Polyglyceryl-3 Methylglucose Distearate,Polysorbate 20,PEG-100 Stearate,Helianthus Annuus (Sunflower) Seed Oil,Calendula Officinalis Flower Extract,Houttuynia Cordata Extract,Aloe Barbadensis Leaf Water,Centella Asiatica Extract,Chamomilla Recutita (Matricaria) Flower Extract,Butylene Glycol,Caprylyl Glycol",5.0,100.0,84.99,84.99,Skin79,0.0,"water, ethylhexyl methoxycinnamate, ethylhexyl salicylate, homosalate, propanediol, diethylamino hydroxybenzoyl hexyl benzoate, bis - ethylhexyloxyphenol methoxyphenyl triazine, pentylene glycol,1,2 - hexanediol, ammonium acryloyldimethyltaurate,vp copolymer, octyldodecanol, dimethicone, phenoxyethanol, glyceryl stearate, fragrance ( limonene, linalool, citronellol, citral, hydroxycitronellal),acrylates,c10 - 30 alkyl acrylate crosspolymer, tromethamine, polyglyceryl-3 methylglucose distearate, polysorbate 20,peg-100 stearate, helianthus annuus (sunflower) seed oil, calendula officinalis flower extract, houttuynia cordata extract, aloe barbadensis leaf water, centella asiatica extract, chamomilla recutita (matricaria) flower extract, butylene glycol, caprylyl glycol"
Ziaja Kozie Mleko,"ultralekki krem anti-age do twarzy SPF15, 50 ml",10,13.99,13.99,/ziaja-ultralekki-krem-anti-age-do-twarzy-spf15-50-ml-000000000000415323.html,ochrona UV,"Aqua (Water), Hexyl Laurate, Isohexadecane, Diethylamino Hydroxybenzoyl Hexyl Benzoate, Ethylhexyl Stearate, Ethylhexyl Triazone, Glycerin, Glyceryl Stearate, PEG-100 Stearate, Methylsilanol Mannuronate, Potassium Cetyl Phosphate, Bis-Ethylhexyloxyphenol Methoxyphenyl Triazine, Propylene Glycol, Goat Milk Extract, Tocopheryl Acetate, Carbomer, Phenoxyethanol, Ethylhexylglycerin, Parfum (Fragrance), Linalool, Citronellol, Hexyl Cinnamal, Geraniol, Benzyl Salicylate, Eugenol, Limonene, Coumarin, Alpha-Isomethyl Ionone, Sodium Hydroxide. Podana lista składników jest zgodna z aktualnym stanem wytwarzania na 2021-08",5.0,50.0,27.98,27.98,Ziaja,0.0,"water (water), hexyl laurate, isohexadecane, diethylamino hydroxybenzoyl hexyl benzoate, ethylhexyl stearate, ethylhexyl triazone, glycerin, glyceryl stearate, peg-100 stearate, methylsilanol mannuronate, potassium cetyl phosphate, bis - ethylhexyloxyphenol methoxyphenyl triazine, propylene glycol, goat milk extract, tocopheryl acetate, carbomer, phenoxyethanol, ethylhexylglycerin, parfum (fragrance), linalool, citronellol, hexyl cinnamal, geraniol, benzyl salicylate, eugenol, limonene, coumarin, alpha - isomethyl ionone, sodium hydroxide. podana lista składników jest zgodna z aktualnym stanem wytwarzania na 2021 - 08"
Eveline Cosmetics Gold Lift Expert,"odmładzający krem-serum do twarzy na dzień i noc 60+, 50 ml",18,18.29,23.99,/eveline-60-krem-do-twarzy-na-dzien-na-noc-50ml-000000000000289967.html,odmładzający,"Aqua (Water),Cetearyl Alcohol,Ceteareth-20,Glycerin,Butyrospermum Parkii Butter,Glycine Soja Oil,Petrolatum,Dimethicone,Cetyl Alcohol,Octyldodecanol,Paraffinum Liquidum,Dicaprylyl Carbonate,Persea Gratissima Oil,Argania Spinosa Kernel Oil,Sclerocarya Birrea Seed Oil,Olus Oil,Creatine,Sodium Hyaluronate,Cholesterol,Hydrolyzed Soy Protein,Maris Limus Extract,Borago Officinalis Leaf Extract,Laminaria Hyperborea Extract,Rosa Canina Seed Extract,Ostrea Shell Extract,Cyperus Esculentus Tuber Extract,Adenosine,Ceramide NP,Ceramide AP,Ceramide EOP,Phytosphingosine,Tocopheryl Acetate,Gold,Tocopherol,Betaine,Propylene Glycol,Parfum (Fragrance),Acrylates/C10-30 Alkyl Acrylate Crosspolymer,Triethanolamine,Butylene Glycol,Ethylhexyl Methoxycinnamate,Phenoxyethanol,Methylparaben,Butylparaben,Ethylparaben,Propylparaben,DMDM Hydantoin,Ethylhexylglycerin,Potassium Sorbate,Sodium Benzoate,Disodium EDTA,Methyl Methacrylate Crosspolymer,Sodium Lauroyl Lactylate,Caprylyl Glycol,Carbomer,Xanthan Gum,Sorbic Acid,BHT,Benzyl Alcohol,Benzyl Salicylate,Citronellol,Coumarin,Limonene,Hydroxycitronellal,Hexyl Cinnamal,Linalool,CI 77820.",4.8,50.0,47.98,36.58,Eveline Cosmetics,23.759899958315962,"water (water),cetearyl alcohol, ceteareth-20,glycerin, butyrospermum parkii butter, glycine soja oil, petrolatum, dimethicone, cetyl alcohol, octyldodecanol, paraffinum liquidum, dicaprylyl carbonate, persea gratissima oil, argania spinosa kernel oil, sclerocarya birrea seed oil, olus oil, creatine, sodium hyaluronate, cholesterol, hydrolyzed soy protein, maris limus extract, borago officinalis leaf extract, laminaria hyperborea extract, rosa canina seed extract, ostrea shell extract, cyperus esculentus tuber extract, adenosine, ceramide np, ceramide ap, ceramide eop, phytosphingosine, tocopheryl acetate, gold, tocopherol, betaine, propylene glycol, parfum (fragrance),acrylates,c10 - 30 alkyl acrylate crosspolymer, triethanolamine, butylene glycol, ethylhexyl methoxycinnamate, phenoxyethanol, methylparaben, butylparaben, ethylparaben, propylparaben, dmdm hydantoin, ethylhexylglycerin, potassium sorbate, sodium benzoate, disodium edta, methyl methacrylate crosspolymer, sodium lauroyl lactylate, caprylyl glycol, carbomer, xanthan gum, sorbic acid, bht, benzyl alcohol, benzyl salicylate, citronellol, coumarin, limonene, hydroxycitronellal, hexyl cinnamal, linalool, ci 77820."
Ziaja Naturalnie Pielęgnujemy,"odżywczy krem do twarzy na dzień i noc, 50 ml",13,12.29,12.29,/ziaja-odzywczy-krem-do-twarzy-na-dzien-i-noc-50-ml-000000000000411825.html,odżywczy,"Aqua (Water),Octyldodecanol,Canola Oil,Helianthus Annuus (Sunflower) Seed Oil,Polyglyceryl-3 Ricinoleate,Glycerin,Simmondsia Chinensis (Jojoba) Seed Oil,Diisostearoyl Polyglyceryl-3 Dimer Dilinoleate,Punica Granatum Sterols,Butyrospermum Parkii (Shea) Butter,Tocopheryl Acetate,Olea Europaea (Olive) Fruit Oil,Magnesium Sulfate,Hydrogenated Castor Oil,Sodium Benzoate,Parfum (Fragrance),Citral,Limonene,Citric Acid",4.3,50.0,24.58,24.58,Ziaja,0.0,"water (water),octyldodecanol, canola oil, helianthus annuus (sunflower) seed oil, polyglyceryl-3 ricinoleate, glycerin, simmondsia chinensis (jojoba) seed oil, diisostearoyl polyglyceryl-3 dimer dilinoleate, punica granatum sterols, butyrospermum parkii (shea) butter, tocopheryl acetate, olea europaea (olive) fruit oil, magnesium sulfate, hydrogenated castor oil, sodium benzoate, parfum (fragrance),citral, limonene, citric acid"
Ziaja med Med.,"emulsja z 3% mocznikiem do twarzy, 50 ml",9,21.99,21.99,/ziaja-med-emulsja-z-3-mocznikiem-do-twarzy-50-ml-000000000000387539.html,Zmiękczające,"Aqua (Water),Isononyl Isononanoate,Butylene Glycol Dicaprylate/Dicaprate,Glycerin,Propylene Glycol,Urea,Cetearyl Alcohol,Glyceryl Stearate,PEG-100 Stearate,Potassium Cetyl Phosphate,Cetyl Palmitate,Dimethicone,Hydrogenated Coco-Glycerides,Macadamia Ternifolia Seed Oil,Gossypium Herbaceum (Cotton) Seed Oil,Squalane,Sodium Lactate,Ceramide 3,Ceramide 6 II,Ceramide 1,Phytosphingosine,Cholesterol,Sodium Lauroyl Lactylate,Carbomer,Xanthan Gum,Panthenol,Malic Acid,Butylene Glycol,Inulin,Sodium Polyacrylate,Methylparaben,Parfum (Fragrance),Lactic Acid",4.6,50.0,43.98,43.98,Ziaja,0.0,"water (water),isononyl isononanoate, butylene glycol dicaprylate,dicaprate, glycerin, propylene glycol, urea, cetearyl alcohol, glyceryl stearate, peg-100 stearate, potassium cetyl phosphate, cetyl palmitate, dimethicone, hydrogenated coco - glycerides, macadamia ternifolia seed oil, gossypium herbaceum (cotton) seed oil, squalane, sodium lactate, ceramide 3,ceramide 6 ii, ceramide 1,phytosphingosine, cholesterol, sodium lauroyl lactylate, carbomer, xanthan gum, panthenol, malic acid, butylene glycol, inulin, sodium polyacrylate, methylparaben, parfum (fragrance),lactic acid"
LaQ Doberman,"masło do twarzy, 50 ml",6,27.99,34.99,/laq-maslo-do-twarzy-50-ml-000000000000406620.html,"Kojące,
Łagodzące,
Natłuszczające,
Nawilżające,
Ochronne,
Odżywcze,
Regenerujące","Butyrospermum Parkii Butter, Citrullus Vulgaris Seed Oil, Rubus Idaeus Seed Oil, Tocopherol, Cannabis Sativa Seed Oil, Copaifera Officinalis Resin, Glyceryl Isostearate, Palmitoyl Hydrolyzed Wheat Protein, Potassium Cocoyl Hydrolyzed Wheat Protein, Panthenol, Glycyrrhetinic Acid, Allantoin, Lecithin, Olea Europaea Fruit Oil, Parfum, Benzyl Salicylate, Citronellol, Coumarin, Geraniol, Linalool, Limonene",5.0,50.0,69.98,55.98,LaQ,20.00571591883396,"butyrospermum parkii butter, citrullus vulgaris seed oil, rubus idaeus seed oil, tocopherol, cannabis sativa seed oil, copaifera officinalis resin, glyceryl isostearate, palmitoyl hydrolyzed wheat protein, potassium cocoyl hydrolyzed wheat protein, panthenol, glycyrrhetinic acid, allantoin, lecithin, olea europaea fruit oil, parfum, benzyl salicylate, citronellol, coumarin, geraniol, linalool, limonene"
Tołpa Dermo Face Stimular 40+,"ujędrniający bogaty krem przeciwzmarszczkowy na dzień z SPF15, 40 ml",6,52.99,52.99,/tolpa-krem-do-twarzy-40ml-000000000000226727.html,ujędrniający,"Aqua, Glycerin, C12-15 Alkyl Benzoate, Ethylhexyl Methoxycinnamate, Diethylamino Hydroxybenzoyl Hexyl Benzoate, Ethylhexyl Palmitate, Peat Extract, Cetearyl Alcohol, Aluminum Starch Octenylsuccinate, Cetyl Alcohol, Hydrolyzed Wheat Gluten, Enteromorpha Compressa Extract, Cassia Angustifolia Seed Polysaccharide, Ceteareth-20, Disodium EDTA, Carbomer, Sodium Hydroxide, Xanthan Gum, Magnesium Aluminum Silicate, Caesalpinia Spinosa Gum, Ceratonia Siliqua Gum, Hydroxyethylcellulose, Sodium Dextran Sulfate, Parfum, Citric Acid, Benzyl Alcohol, Salicylic Acid, Methylpropanediol, Sorbic Acid, Phenoxyethanol, Ethylhexylglycerin, Potassium Sorbate, Caprylyl Glycol, Benzoic Acid, Tin Oxide, Mica, CI 77891.",4.4,40.0,132.48,132.48,Tołpa,0.0,"water, glycerin, c12 - 15 alkyl benzoate, ethylhexyl methoxycinnamate, diethylamino hydroxybenzoyl hexyl benzoate, ethylhexyl palmitate, peat extract, cetearyl alcohol, aluminum starch octenylsuccinate, cetyl alcohol, hydrolyzed wheat gluten, enteromorpha compressa extract, cassia angustifolia seed polysaccharide, ceteareth-20, disodium edta, carbomer, sodium hydroxide, xanthan gum, magnesium aluminum silicate, caesalpinia spinosa gum, ceratonia siliqua gum, hydroxyethylcellulose, sodium dextran sulfate, parfum, citric acid, benzyl alcohol, salicylic acid, methylpropanediol, sorbic acid, phenoxyethanol, ethylhexylglycerin, potassium sorbate, caprylyl glycol, benzoic acid, tin oxide, mica, ci 77891."
Bielenda Professional Energy Boost,"energetyzująco-nawilżający krem z ultrastabilną witaminą C, 50 ml",47,54.99,69.99,/bielenda-professional-energetyzujaco-nawilzajacy-krem50ml-000000000000357725.html,nawilżający,"Aqua (Water),Propanediol,Glycerin,Trehalose,Crambe Abyssinica Seed Oil,Stearyl Alcohol,Triethylhexanoin,Squalane,Dimethicone,3-0-Ethyl Ascorbic Acid,Ferulic Acid,Caffeine,Panax Ginseng Root Extract,Tocopheryl Acetate,Allantoin,Lecithin,Carnitine,Ubiquinone,Tocopherol,Citric Acid,Sodium Citrate,Biotin,Beta-Sitosterol,Ascorbyl Palmitate,Glycine Soja (Soybean) Oil,Isododecane,Hydrogenated Tetradecenyl/Methylpentadecene,Ammonium Acryloyldimethyltaurate/VP Copolymer,Sodium Polyacrylate,Propylene Glycol,Sodium Stearoyl Glutamate,Phenoxyethanol,Ethylhexylglycerin,Potassium Sorbate,Trisodium EDTA,Methylparaben,Butylparaben,Ethylparaben,Propylparaben,Disodium EDTA,Benzyl Alcohol,Parfum (Fragrance),Limonene,Linalool",4.8,50.0,139.98,109.98,Bielenda,21.431633090441483,"water (water),propanediol, glycerin, trehalose, crambe abyssinica seed oil, stearyl alcohol, triethylhexanoin, squalane, dimethicone,3 - 0 - ethyl ascorbic acid, ferulic acid, caffeine, panax ginseng root extract, tocopheryl acetate, allantoin, lecithin, carnitine, ubiquinone, tocopherol, citric acid, sodium citrate, biotin, beta - sitosterol, ascorbyl palmitate, glycine soja (soybean) oil, isododecane, hydrogenated tetradecenyl,methylpentadecene, ammonium acryloyldimethyltaurate,vp copolymer, sodium polyacrylate, propylene glycol, sodium stearoyl glutamate, phenoxyethanol, ethylhexylglycerin, potassium sorbate, trisodium edta, methylparaben, butylparaben, ethylparaben, propylparaben, disodium edta, benzyl alcohol, parfum (fragrance),limonene, linalool"
Yasumi Stem Cells Cream,"odbudowujący krem na dzień z komórkami macierzystymi do twarzy, 50 ml",26,49.99,116.99,/yasumi-odbudowujacy-krem-na-dzien-z-komorkami-macierzystymi-do-twarzy-50-ml-000000000000360044.html,"Nawilżające,
Regenerujące,
Wygładzające","AQUA (WATER), OCTYLDODECANOL, DECYL OLEATE, CETEARYL ALCOHOL, GLYCERYL STEARATE, COCO-CAPRYLATE/CAPRATE, CETEARETH-20, MICROCRYSTALLINE CELLULOSE, CETEARETH-12, PHENOXYETHANOL, POLYACRYLATE-13, DIMETHICONE, SODIUM PCA, POLYISOBUTENE, CELLULOSE GUM, CAPRYLYL GLYCOL, XANTHAN GUM, CHLORPHENESIN, SODIUM PHYTATE, PARFUM (FRAGRANCE), ISOMALT, POLYSORBATE 20, SORBITAN ISOSTEARATE, RETINYL PALMITATE, HELIANTHUS ANNUUS (SUNFLOWER) SEED OIL, TOCOPHERYL ACETATE, LACTIC ACID, TOCOPHEROL, MALUS DOMESTICA FRUIT CELL CULTURE EXTRACT, HYDROGENATED PALM GLYCERIDES CITRATE",4.1,50.0,233.98,99.98,Yasumi,57.26985212411317,"water (water), octyldodecanol, decyl oleate, cetearyl alcohol, glyceryl stearate, coco - caprylate,caprate, ceteareth-20, microcrystalline cellulose, ceteareth-12, phenoxyethanol, polyacrylate-13, dimethicone, sodium pca, polyisobutene, cellulose gum, caprylyl glycol, xanthan gum, chlorphenesin, sodium phytate, parfum (fragrance), isomalt, polysorbate 20, sorbitan isostearate, retinyl palmitate, helianthus annuus (sunflower) seed oil, tocopheryl acetate, lactic acid, tocopherol, malus domestica fruit cell culture extract, hydrogenate palm glycerides citrate"
Tołpa Dermo Face Lumi Filter,"krem do twarzy SPF50, 40 ml",7,37.99,59.99,/tolpa-krem-do-twarzy-spf50-40-ml-000000000000424658.html,ochrona UV,"Aqua, Caprylic/Capric Triglyceride, Diethylamino Hydroxybenzoyl Hexyl Benzoate, Coco-Caprylate, Glycerin, Bis-Ethylhexyloxyphenol Methoxyphenyl Triazine, Ethylhexyl Salicylate, Ethylhexyl Triazone, Potassium Cetyl Phosphate, Tapioca Starch, Peat Extract, Hydroxypropyl Starch Phosphate, Cetearyl Alcohol, Glyceryl Stearate, Pentaerythrityl Distearate, Ceteareth-20, Xanthan Gum, Carnosine, Phospholipids, Hyaluronic Acid, Tocopherol, Methylpropanediol, Caprylyl Glycol, Benzoic Acid.",3.9,40.0,149.98,94.98,Tołpa,36.672778796466076,"water, caprylic,capric triglyceride, diethylamino hydroxybenzoyl hexyl benzoate, coco - caprylate, glycerin, bis - ethylhexyloxyphenol methoxyphenyl triazine, ethylhexyl salicylate, ethylhexyl triazone, potassium cetyl phosphate, tapioca starch, peat extract, hydroxypropyl starch phosphate, cetearyl alcohol, glyceryl stearate, pentaerythrityl distearate, ceteareth-20, xanthan gum, carnosine, phospholipid, hyaluronic acid, tocopherol, methylpropanediol, caprylyl glycol, benzoic acid."
Bielenda Złote Ceramidy,"krem przeciwzmarszczkowy na dzień i noc do twarzy 50+, 50 ml",20,18.19,24.99,/bielenda-krem-przeciwzmarszczkowy-na-dzien-i-noc-do-twarzy-50-50-ml-000000000000401249.html,przeciwzmarszczkowy,"Aqua (Water),Isononyl Isononanoate,Orbignya Oleifera (Babassu) Seed Oil,Tripelargonin,Persea Gratissima (Avocado) Oil,Pentaerythrityl Distearate,Glyceryl Stearate,Propanediol,Isodecyl Neopentanoate,Crambe Abyssinica Seed Oil,Tocopheryl Acetate,Salvia Hispanica (Chia) Seed Oil,Ceramide NP,Ceramide AP,Ceramide EOP,Gold (nano),Trehalose,Hydrolyzed Rice Protein,Phytosphingosine,Cholesterol,Glycine Soja (Soybean) Oil,Vegetable Oil,Squalene,Tocopherol,Beta-Sitosterol,Ascorbyl Palmitate,Arachidyl Alcohol,Behenyl Alcohol,Arachidyl Glucoside,Sodium Lauroyl Lactylate,Sodium Stearoyl Glutamate,Pentylene Glycol,Dimethicone,Carbomer,Xanthan Gum,Ammonium Acryloyldimethyltaurate/VP Copolymer,Disodium EDTA,Phenoxyethanol,Ethylhexylglycerin,Benzyl Alcohol,Parfum (Fragrance),Benzyl Salicylate,Hexyl Cinnamal,Limonene,Linalool",4.5,50.0,49.98,36.38,Bielenda,27.210884353741488,"water (water),isononyl isononanoate, orbignya oleifera (babassu) seed oil, tripelargonin, persea gratissima (avocado) oil, pentaerythrityl distearate, glyceryl stearate, propanediol, isodecyl neopentanoate, crambe abyssinica seed oil, tocopheryl acetate, salvia hispanica (chia) seed oil, ceramide np, ceramide ap, ceramide eop, gold (nano),trehalose, hydrolyzed rice protein, phytosphingosine, cholesterol, glycine soja (soybean) oil, vegetable oil, squalene, tocopherol, beta - sitosterol, ascorbyl palmitate, arachidyl alcohol, behenyl alcohol, arachidyl glucoside, sodium lauroyl lactylate, sodium stearoyl glutamate, pentylene glycol, dimethicone, carbomer, xanthan gum, ammonium acryloyldimethyltaurate,vp copolymer, disodium edta, phenoxyethanol, ethylhexylglycerin, benzyl alcohol, parfum (fragrance),benzyl salicylate, hexyl cinnamal, limonene, linalool"
Tołpa My Skin Changer,"ochronny krem do twarzy z SPF50 PA++++, 45 ml",6,59.99,59.99,/tolpa-ochronny-krem-do-twarzy-z-spf50-pa-45-ml-000000000000436866.html,ochrona UV,"Aqua, Caprylic/Capric Triglyceride, Diethylamino Hydroxybenzoyl Hexyl Benzoate, Coco-Caprylate, Bis-Ethylhexyloxyphenol Methoxyphenyl Triazine, Ethylhexyl Triazone, Potassium Cetyl Phosphate, Glycerin, Tapioca Starch, Cetearyl Alcohol, Pentaerythrityl Distearate, Peat Extract, Phenylbenzimidazole Sulfonic Acid, Ceteareth-20, Glyceryl Stearate, Carnosine, Sodium Ascorbyl Phosphate, Ferulic Acid, Xanthan Gum, Dipropylene Glycol, Hydroxypropyl Cyclodextrin, Polydextrose, 1,2-Hexanediol, Phospholipids, Tocopherol, Sodium Hydroxide, Phenoxyethanol, Methylpropanediol, Caprylyl Glycol, Benzoic Acid.",4.200000000000001,45.0,133.31,133.31,Tołpa,0.0,"water, caprylic,capric triglyceride, diethylamino hydroxybenzoyl hexyl benzoate, coco - caprylate, bis - ethylhexyloxyphenol methoxyphenyl triazine, ethylhexyl triazone, potassium cetyl phosphate, glycerin, tapioca starch, cetearyl alcohol, pentaerythrityl distearate, peat extract, phenylbenzimidazole sulfonic acid, ceteareth-20, glyceryl stearate, carnosine, sodium ascorbyl phosphate, ferulic acid, xanthan gum, dipropylene glycol, hydroxypropyl cyclodextrin, polydextrose, 1,2 - hexanediol, phospholipid, tocopherol, sodium hydroxide, phenoxyethanol, methylpropanediol, caprylyl glycol, benzoic acid."
Vichy Capital Soleil,"przeciwstarzeniowy krem z filtrem 3w1 SPF50+ do twarzy, 50 ml",6,102.99,102.99,/vichy-przeciwstarzeniowy-krem-z-filtrem-3w1-spf50-do-twarzy-50-ml-000000000000322743.html,ochrona UV,940328 - INGREDIENTS: AQUA / WATER • HOMOSALATE • SILICA • ETHYLHEXYL SALICYLATE • ETHYLHEXYL TRIAZONE • GLYCERIN • C12-15 ALKYL BENZOATE • BIS-ETHYLHEXYLOXYPHENOL METHOXYPHENYL TRIAZINE • DROMETRIZOLE TRISILOXANE • BUTYL METHOXYDIBENZOYLMETHANE • SACCHAROMYCES/XYLINUM/BLACK TEA FERMENT • ALUMINUM STARCH OCTENYLSUCCINATE • OCTOCRYLENE • PENTYLENE GLYCOL • STYRENE/ACRYLATES COPOLYMER • POTASSIUM CETYL PHOSPHATE • PARFUM / FRAGRANCE • CAPRYLYL METHICONE • TEREPHTHALYLIDENE DICAMPHOR SULFONIC ACID • BUTYLENE GLYCOL • TITANIUM DIOXIDE [NANO] / TITANIUM DIOXIDE • TRIETHANOLAMINE • PHENOXYETHANOL • CAPRYLYL GLYCOL • STEARYL ALCOHOL • DIMETHICONE • ACRYLATES/C10-30 ALKYL ACRYLATE CROSSPOLYMER • INULIN LAURYL CARBAMATE • PEG-8 LAURATE • DISODIUM EDTA • TOCOPHEROL • XANTHAN GUM • ALUMINUM HYDROXIDE • STEARIC ACID • HYDROXYETHYLCELLULOSE • SODIUM CITRATE • CITRIC ACID • MYRCIARIA DUBIA FRUIT EXTRACT • POTASSIUM SORBATE • CI 17200 / RED 33 • ZINGIBER OFFICINALE ROOT EXTRACT / GINGER ROOT EXTRACT • SANGUISORBA OFFICINALIS ROOT EXTRACT • CINNAMOMUM CASSIA BARK EXTRACT • BIOTIN (F.I.L. C212293/4).,5.0,50.0,205.98,205.98,Vichy,0.0,"940328 - ingredient: water,water,homosalate,silica,ethylhexyl salicylate,ethylhexyl triazone,glycerin,c12 - 15 alkyl benzoate,bis - ethylhexyloxyphenol methoxyphenyl triazine,drometrizole trisiloxane,butyl methoxydibenzoylmethane,saccharomyces,xylinum,black tea ferment,aluminum starch octenylsuccinate,octocrylene,pentylene glycol,styrene,acrylates copolymer,potassium cetyl phosphate,parfum,fragrance,caprylyl methicone,terephthalylidene dicamphor sulfonic acid,butylene glycol,titanium dioxide, nano ],titanium dioxide,triethanolamine,phenoxyethanol,caprylyl glycol,stearyl alcohol,dimethicone,acrylate,c10 - 30 alkyl acrylate crosspolymer,inulin lauryl carbamate,peg-8 laurate,disodium edta,tocopherol,xanthan gum,aluminum hydroxide,stearic acid,hydroxyethylcellulose,sodium citrate,citric acid,myrciaria dubia fruit extract,potassium sorbate,ci 17200,red 33,zingiber officinale root extract,ginger root extract,sanguisorba officinalis root extract,cinnamomum cassia bark extract,biotin (f.i.l.c212293/4)."
Miya Cosmetics Secret Glow,"rozświetlający krem do twarzy z witaminami, 30 ml",50,38.99,38.99,/miya-cosmetics-rozswietlajacy-krem-do-twarzy-z-witaminami-30-ml-000000000000352409.html,Nawilżające,"Aqua (Water)*,Prunus Armeniaca (Apricot) Kernel Oil*,Macadamia Ternifolia Seed Oil*,Decyl Oleate*,Cetearyl Alcohol*,Cetearyl Olivate*,Sorbitan Olivate*,Sodium Polyacrylate,Tocopheryl Acetate,Panthenol,Glycerin*,Paeonia Officinalis Flower Extract*,Sodium Hyaluronate*,Hyaluronic Acid*,Niacinamide,Sodium Ascorbyl Phosphate,Xanthan Gum*,Methylpropanediol,Caprylyl Glycol,Mica*,CI77891 (Titanium Dioxide)*,CI77491 (Iron Oxides)*,Sodium Hydroxide,Phenoxyethanol,Ethylhexylglycerin,Sodium Phytate*,Alcohol*,Parfum (Fragrance),*składnik pochodzenia naturalnego",3.8,30.0,129.97,129.97,Miya Cosmetics,0.0,"water (water)*,prunus armeniaca (apricot) kernel oil*,macadamia ternifolia seed oil*,decyl oleate*,cetearyl alcohol*,cetearyl olivate*,sorbitan olivate*,sodium polyacrylate, tocopheryl acetate, panthenol, glycerin*,paeonia officinalis flower extract*,sodium hyaluronate*,hyaluronic acid*,niacinamide, sodium ascorbyl phosphate, xanthan gum*,methylpropanediol, caprylyl glycol, mica*,ci77891 (titaniumdioxide)*,ci77491 (ironoxides)*,sodium hydroxide, phenoxyethanol, ethylhexylglycerin, sodium phytate*,alcohol*,parfum (fragrance),*składnik pochodzenia naturalnego"
Tołpa Dermo Face Rosacal,"łagodzący krem wzmacniający , lekki, dzień, SPF10, 40 ml",21,33.59,47.99,/tolpa-krem-do-twarzy-40ml-000000000000226595.html,ochrona UV,"Aqua, C12-15 Alkyl Benzoate, Glycerin, Diethylamino Hydroxybenzoyl Hexyl Benzoate, Sea Water, Methylpropanediol, Aluminum Starch Octenylsuccinate, Peat Extract, Cetearyl Alcohol, Ethylhexyl Triazone, Cetyl Alcohol, Glyceryl Stearate Citrate, Cucurbita Pepo Seed Extract, Hibiscus Esculentus Seed Extract, Sophora Japonica Flower Extract, Hedera Helix Extract, Arnica Montana Flower Extract, Hamamelis Virginiana Leaf Extract, Hypericum Perforatum Flower Extract, Aesculus Hippocastanum Seed Extract, Vitis Vinifera Leaf Extract, Menthol, Menthyl Lactate, Isohexadecane, Ceteareth-20, Disodium EDTA, Sodium Acrylate/Sodium Acryloyldimethyl Taurate Copolymer, Propylene Glycol, Magnesium Aluminum Silicate, Xanthan Gum, Carbomer, Sodium Hydroxide, Polysorbate 80, Sorbitan Oleate, Parfum, Citric Acid, Caprylyl Glycol, Phenylpropanol, Phenoxyethanol, Sodium Benzoate, Potassium Sorbate, Benzoic Acid, CI 75810.",3.0,40.0,119.98,83.98,Tołpa,30.006251302354652,"water, c12 - 15 alkyl benzoate, glycerin, diethylamino hydroxybenzoyl hexyl benzoate, sea water, methylpropanediol, aluminum starch octenylsuccinate, peat extract, cetearyl alcohol, ethylhexyl triazone, cetyl alcohol, glyceryl stearate citrate, cucurbita pepo seed extract, hibiscus esculentus seed extract, sophora japonica flower extract, hedera helix extract, arnica montana flower extract, hamamelis virginiana leaf extract, hypericum perforatum flower extract, aesculus hippocastanum seed extract, vitis vinifera leaf extract, menthol, menthyl lactate, isohexadecane, ceteareth-20, disodium edta, sodium acrylate,sodium acryloyldimethyl taurate copolymer, propylene glycol, magnesium aluminum silicate, xanthan gum, carbomer, sodium hydroxide, polysorbate 80, sorbitan oleate, parfum, citric acid, caprylyl glycol, phenylpropanol, phenoxyethanol, sodium benzoate, potassium sorbate, benzoic acid, ci 75810."
Nacomi Dermo,"krem do twarzy na trądzik, 50 ml",36,21.59,35.99,/nacomi-krem-do-twarzy-na-tradzik-50-ml-000000000000424296.html,Seboregulujące,"INCI: Aqua, Niacinamide, Propanediol, Glycerin, Coco-Caprylate/Caprate, Propylheptyl Caprylate, Trehalose, Sodium Polyacrylate, Bisabolol, Glycyrrhetinic acid, Allantoin, Hexamidine Diisethionate, Biosaccharide gum-1, Lactic Acid, Tocopherol, Glycine Soja Oil, Tocopheryl Acetate, Maltodextrin, Parfum, Dehydroacetic Acid, Benzyl Alcohol.",4.5,50.0,71.98,43.18,Nacomi,40.01111419838844,"inci: water, niacinamide, propanediol, glycerin, coco - caprylate,caprate, propylheptyl caprylate, trehalose, sodium polyacrylate, bisabolol, glycyrrhetinic acid, allantoin, hexamidine diisethionate, biosaccharide gum-1, lactic acid, tocopherol, glycine soja oil, tocopheryl acetate, maltodextrin, parfum, dehydroacetic acid, benzyl alcohol."
AA Enjoy Nature Cica,"krem do twarzy na dzień i noc, 50 ml",7,23.99,23.99,/aa-krem-do-twarzy-na-dzien-i-noc-50-ml-000000000000383598.html,Regenerujące,"Aqua,Coco-Caprylate/Caprate,Dicaprylyl Ether,Glycerin,Caprylic/Capric Triglyceride,Pentylene Glycol,Polyglyceryl-6 Stearate,Cetearyl Alcohol,Xylitylglucoside,Centella Asiatica Flower/Leaf/Stem Extract,Aloe Barbadensis Leaf Juice,Allantoin,Anhydroxylitol,Xylitol,Tocopherol,Glyceryl Stearate,Tocopheryl Acetate,Polyglyceryl-6 Behenate,Acacia Senegal Gum,Xanthan Gum,Hydroxyacetophenone,Cetyl Hydroxyethylcellulose,Mica,CI 77891,Silica,Parfum",4.6,50.0,47.98,47.98,AA,0.0,"water, coco - caprylate,caprate, dicaprylyl ether, glycerin, caprylic,capric triglyceride, pentylene glycol, polyglyceryl-6 stearate, cetearyl alcohol, xylitylglucoside, centella asiatica flower,leaf,stem extract, aloe barbadensis leaf juice, allantoin, anhydroxylitol, xylitol, tocopherol, glyceryl stearate, tocopheryl acetate, polyglyceryl-6 behenate, acacia senegal gum, xanthan gum, hydroxyacetophenone, cetyl hydroxyethylcellulose, mica, ci 77891,silica, parfum"
Vichy Neovadiol Przed Menopauzą,"ujędrniający krem na dzień przywracający gęstość dla skóry normalnej i mieszanej, 50 ml",23,169.99,169.99,/vichy-ujedrniajacy-krem-na-dzien-przywracajacy-gestosc-dla-skory-normalnej-i-mieszanej-50-ml-000000000000404008.html,ujędrniający,Aqua / Water / Eau - Glycerin - Dimethicone - Hydrogenated Polyisobutene - Niacinamide - Hydroxypropyl Tetrahydropyrantriol - Alcohol Denat - Propylene Glycol - Synthetic Wax - Silica - Peg-10 Dimethicone - Dimethicone/peg-10/15 Crosspolymer - Hydroxyethylpiperazine Ethane Sulfonic Acid - Ci 15985 / Yellow 6 - Ci 77891 / Titanium Dioxide - Sodium Polyacrylate - Sodium Hyaluronate - Sodium Citrate - Adenosine - Tocopherol - Propylene Carbonate - Hydroxyacetophenone - Caprylyl Glycol - Dipropylene Glycol - Cassia Angustifolia Seed Polysaccharide - Trisodium Ethylenediamine Disuccinate - Disteardimonium Hectorite - Synthetic Fluorphlogopite - Parfum / Fragrance,5.0,50.0,339.98,339.98,Vichy,0.0,"water,water,eau - glycerin - dimethicone - hydrogenate polyisobutene - niacinamide - hydroxypropyl tetrahydropyrantriol - alcohol denat - propylene glycol - synthetic wax - silica - peg-10 dimethicone - dimethicone,peg-10/15 crosspolymer - hydroxyethylpiperazine ethane sulfonic acid - ci 15985,yellow 6 - ci 77891,titanium dioxide - sodium polyacrylate - sodium hyaluronate - sodium citrate - adenosine - tocopherol - propylene carbonate - hydroxyacetophenone - caprylyl glycol - dipropylene glycol - cassia angustifolia seed polysaccharide - trisodium ethylenediamine disuccinate - disteardimonium hectorite - synthetic fluorphlogopite - parfum,fragrance"
Tołpa Dermo Face Modelar 50+,"krem modelujący owal twarzy na dzień z SPF15, 40 ml",10,59.99,59.99,/tolpa-krem-do-twarzy-40ml-000000000000226728.html,ochrona UV,"Aqua, C12-15 Alkyl Benzoate, Glycerin, Ethylhexyl Methoxycinnamate, Macadamia Ternifolia Seed Oil, Ethylhexyl Palmitate, Diethylamino Hydroxybenzoyl Hexyl Benzoate, Butyrospermum Parkii Butter, Citrus Unshiu Peel Extract, Simmondsia Chinensis Seed Oil, Aluminum Starch Octenylsuccinate, Peat Extract, Cetearyl Alcohol, Cetyl Alcohol, Phenoxyethanol, Olus Oil, Hydrolyzed Wheat Protein, Malpighia Glabra Fruit Extract, Argania Spinosa Kernel Extract, Biotin, Ceteareth-20, Disodium EDTA, Carbomer, Sodium Hydroxide, Xanthan Gum, Magnesium Aluminum Silicate, PVP, Sodium Cocoyl Glutamate, Tocopherol, Citric Acid, Sodium Citrate, Parfum, Methylpropanediol, Caprylyl Glycol, Chlorphenesin, Potassium Sorbate, Sodium Benzoate, Benzoic Acid, Tin Oxide, CI 77019, CI 77891.",3.8,40.0,149.98,149.98,Tołpa,0.0,"water, c12 - 15 alkyl benzoate, glycerin, ethylhexyl methoxycinnamate, macadamia ternifolia seed oil, ethylhexyl palmitate, diethylamino hydroxybenzoyl hexyl benzoate, butyrospermum parkii butter, citrus unshiu peel extract, simmondsia chinensis seed oil, aluminum starch octenylsuccinate, peat extract, cetearyl alcohol, cetyl alcohol, phenoxyethanol, olus oil, hydrolyzed wheat protein, malpighia glabra fruit extract, argania spinosa kernel extract, biotin, ceteareth-20, disodium edta, carbomer, sodium hydroxide, xanthan gum, magnesium aluminum silicate, pvp, sodium cocoyl glutamate, tocopherol, citric acid, sodium citrate, parfum, methylpropanediol, caprylyl glycol, chlorphenesin, potassium sorbate, sodium benzoate, benzoic acid, tin oxide, ci 77019, ci 77891."
Bielenda Naczynkowa,"wzmacniający krem do twarzy na noc, 50 ml",11,18.19,24.99,/bielenda-wzmacniajacy-krem-do-twarzy-na-noc-50-ml-000000000000407712.html,Wzmacniające naczynka,"Aqua (Water),Persea Gratissima (Avocado) Oil,Theobroma Cacao (Cocoa) Seed Butter,Caprylic/Capric Triglyceride,Glycerin,Panthenol,Lactobionic Acid,Tocopheryl Acetate,Cetearyl Alcohol,Glyceryl Stearate,Propylene Glycol,Potassium Cetyl Phosphate,Aesculus Hippocastanum (Horse Chestnut) Seed Extract,3-O-Ethyl Ascorbic Acid,Allantoin,Tocopherol,Beta-Sitosterol,Squalene,Ascorbyl Palmitate,Glycine Soja (Soybean) Oil,Vegetable Oil,Sodium Stearoyl Glutamate,Disodium EDTA,Ammonium Acryloyldimethyltaurate/VP Copolymer,Ethylhexylglycerin,Methylparaben,Phenoxyethanol,Parfum (Fragrance)",4.0,50.0,49.98,36.38,Bielenda,27.210884353741488,"water (water),persea gratissima (avocado) oil, theobroma cacao (cocoa) seed butter, caprylic,capric triglyceride, glycerin, panthenol, lactobionic acid, tocopheryl acetate, cetearyl alcohol, glyceryl stearate, propylene glycol, potassium cetyl phosphate, aesculus hippocastanum (horsechestnut) seed extract,3 - o - ethyl ascorbic acid, allantoin, tocopherol, beta - sitosterol, squalene, ascorbyl palmitate, glycine soja (soybean) oil, vegetable oil, sodium stearoyl glutamate, disodium edta, ammonium acryloyldimethyltaurate,vp copolymer, ethylhexylglycerin, methylparaben, phenoxyethanol, parfum (fragrance)"
Nivea Cellular,"duopack: przeciwzmarszczkowy krem do twarzy, 2x50 ml",15,67.49,74.99,/nivea-duopack-przeciwzmarszczkowy-krem-do-twarzy-2x50-ml-000000000000413800.html,przeciwzmarszczkowy,"NIVEA CELLULAR EXPERT LIFT KREM ANTI-AGE NA DZIEŃ SPF 30: Aqua , Glycerin, Methylpropanediol, Tapioca Starch, Ethylhexyl Salicylate, Butyl Methoxydibenzoylmethane, Dicaprylyl Carbonate, Bis-Ethylhexyloxyphenol Methoxyphenyl Triazine, Cetearyl Alcohol, Ethylhexyl Stearate, Phenylbenzimidazole Sulfonic Acid, Ethylhexyl Triazone, Glyceryl Stearate, Behenyl Alcohol, Triisostearin , Bakuchiol, Creatine, 1-Methylhydantoin-2-Imide , Sodium Hyaluronate, Tocopherol , Sodium Stearoyl Glutamate, Ethylhexylglycerin, 1,2-Hexanediol , Xanthan Gum , Trisodium EDTA , Sodium Hydroxide, Sodium Chloride, Phenoxyethanol, Sodium Sulfate, Parfum, CI 15985, CI 16035 NIVEA CELLULAR EXPERT LIFT KREM ANTI-AGE NA NOC: Aqua , Glycerin, Butyrospermum Parkii Butter, Ricinus Communis Seed Oil, Cetearyl Alcohol, Methylpropanediol, Hydrogenated Coco-Glycerides, Glyceryl Stearate, Glyceryl Stearate Citrate, Bakuchiol, Sodium Hyaluronate, Panthenol, Pantolactone , Creatine, 1-Methylhydantoin-2-Imide , Ethylhexylglycerin, Caprylyl Glycol, Xanthan Gum , Sodium Hydroxide, Citric Acid, Sodium Sulfate, Sodium Chloride, Phenoxyethanol, Parfum, CI 15985, CI 47005",4.6,50.0,149.98,134.98,Nivea,10.001333511134819,"nivea cellular expert lift krem anti - age na dzień spf 30: water, glycerin, methylpropanediol, tapioca starch, ethylhexyl salicylate, butyl methoxydibenzoylmethane, dicaprylyl carbonate, bis - ethylhexyloxyphenol methoxyphenyl triazine, cetearyl alcohol, ethylhexyl stearate, phenylbenzimidazole sulfonic acid, ethylhexyl triazone, glyceryl stearate, behenyl alcohol, triisostearin, bakuchiol, creatine, 1 - methylhydantoin-2 - imide, sodium hyaluronate, tocopherol, sodium stearoyl glutamate, ethylhexylglycerin, 1,2 - hexanediol, xanthan gum, trisodium edta, sodium hydroxide, sodium chloride, phenoxyethanol, sodium sulfate, parfum, ci 15985, ci 16035 nivea cellular expert lift krem anti - age na noc: water, glycerin, butyrospermum parkii butter, ricinus communis seed oil, cetearyl alcohol, methylpropanediol, hydrogenate coco - glyceride, glyceryl stearate, glyceryl stearate citrate, bakuchiol, sodium hyaluronate, panthenol, pantolactone, creatine, 1 - methylhydantoin-2 - imide, ethylhexylglycerin, caprylyl glycol, xanthan gum, sodium hydroxide, citric acid, sodium sulfate, sodium chloride, phenoxyethanol, parfum, ci 15985, ci 47005"
Pureheals Rose Blemish,"nawilżająco-ujędrniający krem do twarzy, 50 ml",44,139.99,139.99,/pureheals-nawilzajaco-ujedrniajacy-krem-do-twarzy-50-ml-000000000000420813.html,ujędrniający,"AQUA, GLYCERIN, BUTYLENE GLYCOL, CAPRYLIC/CAPRIC TRIGLYCERIDE, NIACINAMIDE, BUTYROSPERMUM PARKII BUTTER, GLYCERETH-26, HYDROGENATED POLY(C6-12 OLEFIN), HYDROGENATED POLYDECENE, 1,2-HEXANEDIOL, SORBITAN OLIVATE, CETEARYL GLUCOSIDE, BENZYL GLYCOL, CETEARYL OLIVATE, ARGININE, CAPRYLYL METHICONE, CARBOMER, ETHYLHEXYLGLYCERIN, C12-16 ALCOHOLS, AMMONIUM ACRYLOYLDIMETHYLTAURATE/VP COPOLYMER, LITHOSPERMUM ERYTHRORHIZON ROOT EXTRACT, PANTHENOL, SQUALANE, PARFUM, CETEARYL ALCOHOL, ROSA DAMASCENA FLOWER WATER, DISODIUM EDTA, PALMITIC ACID, ADENOSINE, HYDROGENATED LECITHIN, GLYCYRRHIZA URALENSIS ROOT EXTRACT, PORIA COCOS EXTRACT, ULMUS DAVIDIANA ROOT EXTRACT, ROSA CANINA FRUIT EXTRACT, ROSA CANINA FRUIT OIL, ROSA CENTIFOLIA FLOWER EXTRACT, ROSA CENTIFOLIA FLOWER WATER, ROSA GALLICA FLOWER EXTRACT, ROSE EXTRACT, SODIUM HYALURONATE, PROPANEDIOL, CERAMIDE NP, TOCOPHEROL, SODIUM HYALURONATE CROSSPOLYMER, HYDROLYZED GLYCOSAMINOGLYCANS, EUTERPE OLERACEA FRUIT EXTRACT, FRAGARIA CHILOENSIS FRUIT EXTRACT, LYCIUM CHINENSE FRUIT EXTRACT, MORUS NIGRA FRUIT EXTRACT, RIBES NIGRUM FRUIT EXTRACT, RUBUS FRUTICOSUS FRUIT EXTRACT, RUBUS IDAEUS FRUIT EXTRACT, VACCINIUM ANGUSTIFOLIUM FRUIT EXTRACT, VACCINIUM MACROCARPON FRUIT EXTRACT, VACCINIUM MYRTILLUS FRUIT EXTRACT, HYDROLYZED HYALURONIC ACID, SODIUM ACETYLATED HYALURONATE, GLECHOMA HEDERACEA EXTRACT, CAMELLIA SINENSIS LEAF EXTRACT, LACTOBACILLUS FERMENT, HYALURONIC ACID, RASPBERRY KETONE, SH-OLIGOPEPTIDE-1",4.9,50.0,279.98,279.98,Pureheals,0.0,"water, glycerin, butylene glycol, caprylic,capric triglyceride, niacinamide, butyrospermum parkii butter, glycereth-26, hydrogenated poly(c6-12olefin), hydrogenated polydecene, 1,2 - hexanediol, sorbitan olivate, cetearyl glucoside, benzyl glycol, cetearyl olivate, arginine, caprylyl methicone, carbomer, ethylhexylglycerin, c12 - 16 alcohols, ammonium acryloyldimethyltaurate,vp copolymer, lithospermum erythrorhizon root extract, panthenol, squalane, parfum, cetearyl alcohol, rosa damascena flower water, disodium edta, palmitic acid, adenosine, hydrogenated lecithin, glycyrrhiza uralensis root extract, poria cocos extract, ulmus davidiana root extract, rosa canina fruit extract, rosa canina fruit oil, rosa centifolia flower extract, rosa centifolia flower water, rosa gallica flower extract, rose extract, sodium hyaluronate, propanediol, ceramide np, tocopherol, sodium hyaluronate crosspolymer, hydrolyzed glycosaminoglycan, euterpe oleracea fruit extract, fragaria chiloensis fruit extract, lycium chinense fruit extract, morus nigra fruit extract, ribes nigrum fruit extract, rubus fruticosus fruit extract, rubus idaeus fruit extract, vaccinium angustifolium fruit extract, vaccinium macrocarpon fruit extract, vaccinium myrtillus fruit extract, hydrolyzed hyaluronic acid, sodium acetylated hyaluronate, glechoma hederacea extract, camellia sinensis leaf extract, lactobacillus ferment, hyaluronic acid, raspberry ketone, sh - oligopeptide-1"
Floslek Sun,"krem do twarzy dla cery tłustej i mieszanej SPF50+, 50 ml",14,45.99,45.99,/floslek-krem-do-twarzy-dla-cery-tlustej-i-mieszanej-spf50-50-ml-000000000000383840.html,ochrona UV,"Aqua*, Ethylhexyl Methoxycinnamate, Diethylamino Hydroxybenzoyl Hexyl Benzoate, C12-15 Alkyl Benzoate, Cetearyl Olivate*, Methyl Methacrylate Crosspolymer, CI 77891*, Octyldodecanol*, Glycerin*, Dimethicone, Butylene Glycol Dicaprylate/Dicaprate, Sorbitan Olivate*, Polyurethane-34, Bis-Ethylhexyloxyphenol Methoxyphenyl Triazine, Polymethyl Methacrylate, Cetearyl Alcohol*, Cetyl Palmitate*, Sorbitan Palmitate*, Sorbitan Oleate*, Panthenol, Tocopheryl Acetate, Xanthan Gum*, Allantoin, Mica, Lactic Acid, Triethoxycaprylylsilane, Propylene Glycol, Niacinamide, Faex Extract*, Aesculus Hippocastanum Seed Extract* , Ammonium Glycyrrhizate*, Zinc Gluconate*, Caffeine, Biotin, Sodium Laureth Sulfate, Aminomethyl Propanol, Citric Acid*, Sodium Citrate*, BHT, Disodium EDTA, Methylpropanediol, Caprylyl Glycol, Phenylpropanol, Imidazolidinyl Urea, Methylparaben, Ethylparaben, Phenoxyethanol, Parfum, CI 77492*, CI 77491*, CI 77499*. *składniki pochodzenia naturalnego",4.9,50.0,91.98,91.98,Floslek,0.0,"water *, ethylhexyl methoxycinnamate, diethylamino hydroxybenzoyl hexyl benzoate, c12 - 15 alkyl benzoate, cetearyl olivate *, methyl methacrylate crosspolymer, ci 77891 *, octyldodecanol *, glycerin *, dimethicone, butylene glycol dicaprylate,dicaprate, sorbitan olivate *, polyurethane-34, bis - ethylhexyloxyphenol methoxyphenyl triazine, polymethyl methacrylate, cetearyl alcohol *, cetyl palmitate *, sorbitan palmitate *, sorbitan oleate *, panthenol, tocopheryl acetate, xanthan gum *, allantoin, mica, lactic acid, triethoxycaprylylsilane, propylene glycol, niacinamide, faex extract *, aesculus hippocastanum seed extract *, ammonium glycyrrhizate *, zinc gluconate *, caffeine, biotin, sodium laureth sulfate, aminomethyl propanol, citric acid *, sodium citrate *, bht, disodium edta, methylpropanediol, caprylyl glycol, phenylpropanol, imidazolidinyl urea, methylparaben, ethylparaben, phenoxyethanol, parfum, ci 77492 *, ci 77491 *, ci 77499 *. * składniki pochodzenia naturalnego"
BCL Momopuri,"nawilżający żelowy krem do twarzy, 80 g",5,119.99,119.99,/bcl-nawilzajacy-zelowy-krem-do-twarzy-80-g-000000000000390615.html,nawilżający,"Water (Aqua), Dimethicone, Methyl Gluceth-10, Pentylene Glycol, Glycerin, Diglycerin, Butylene Glycol, Squalane, Arginine, Enterococcus Faecalis, Zea Mays (Corn) Oil (Zea Mays), Ascorbyl Tetraisopalmitate, Tocopherol, Retinyl Palmitate, Sodium Hyaluronate, Phytosteryl Glucoside/Glucosylceramide, Citrus Aurantium Bergamia (Bergamot) Fruit Extract, Prunus Persica (Peach) Leaf Extract (Prunus Persica), Hydroxyethyl Acrylate/Sodium Acryloyldimethyl Taurate Copolymer, Acrylates/C10-30 Alkyl Acrylate Crosspolymer, Sorbitan Isostearate, Sodium Oleate, Silica, Polysorbate 60, Polyglyceryl-5 Laurate, Disodium Edta, Phenoxyethanol, Fragrance (Parfum), Cyanocobalamin, Iron Oxides (Ci 77492)",5.0,80.0,149.99,149.99,BCL,0.0,"water (water), dimethicone, methyl gluceth-10, pentylene glycol, glycerin, diglycerin, butylene glycol, squalane, arginine, enterococcus faecalis, zea mays (corn) oil (zeamays), ascorbyl tetraisopalmitate, tocopherol, retinyl palmitate, sodium hyaluronate, phytosteryl glucoside,glucosylceramide, citrus aurantium bergamia (bergamot) fruit extract, prunus persica (peach) leaf extract (prunuspersica), hydroxyethyl acrylate,sodium acryloyldimethyl taurate copolymer, acrylates,c10 - 30 alkyl acrylate crosspolymer, sorbitan isostearate, sodium oleate, silica, polysorbate 60, polyglyceryl-5 laurate, disodium edta, phenoxyethanol, fragrance (parfum), cyanocobalamin, iron oxides (ci77492)"
Orientana,"naturalny krem do twarzy z szafranem, 30 g",5,24.49,34.99,/orientana-naturalny-krem-do-twarzy-z-szafranem-30-g-000000000000361012.html,"Łagodzące,
Nawilżające,
Przeciwstarzeniowe,
Wygładzające","Aqua, Rosa Damascena Flower Water, Glycerin, Aloe Barbadensis Extract, Glycyrrhiza Glabra Root Extract, Curcuma Longa Rhizome Extract, Sodium PCA, Camellia Sinensis Seed Extract, Rubia Cordifolia Root Extract, Santalum Album Extract, Cucumis Sativus Extract, Cinnamomum Camphora Gum Extract, Bacopa Monniera Extract, Xanthan Gum, Carbomer, Crocus Sativus Flower Extract, Sodium Hydroxide, Benzyl Alcohol, Decyl Glucoside, Mentha Piperita Extract, Sodium Benzoate, Potassium Sorbate.",4.0,30.0,116.63,81.63,Orientana,30.00857387825094,"water, rosa damascena flower water, glycerin, aloe barbadensis extract, glycyrrhiza glabra root extract, curcuma longa rhizome extract, sodium pca, camellia sinensis seed extract, rubia cordifolia root extract, santalum album extract, cucumis sativus extract, cinnamomum camphora gum extract, bacopa monniera extract, xanthan gum, carbomer, crocus sativus flower extract, sodium hydroxide, benzyl alcohol, decyl glucoside, mentha piperita extract, sodium benzoate, potassium sorbate."
Tołpa Dermo Face Stimular 40+,"regenerujący krem przeciwzmarszczkowy, noc, 40 ml",5,52.99,52.99,/tolpa-regenerujacy-krem-przeciwzmarszczkowy-noc-40-ml-000000000000363735.html,regenerujący,"Aqua, Glycerin, Coco-Caprylate, Cetearyl Alcohol, Isostearyl Lactate, Orbignya Oleifera Seed Oil, Caprylic/Capric Triglyceride, Peat Extract, Persea Gratissima Oil, Ceteareth-20, Hydrolyzed Wheat Gluten, Ceratonia Siliqua Gum, Enteromorpha Compressa Extract, Caesalpinia Spinosa Gum, Cassia Angustifolia Seed Polysaccharide, Cera Alba, Aluminum Starch Octenylsuccinate, Olus Oil, Tocopherol, Carbomer, Sodium Acrylate/Sodium Acryloyldimethyl Taurate Copolymer, Sodium Polyacrylate, Sodium Hydroxide, Disodium EDTA, Citric Acid, Sodium Dextran Sulfate, Hydroxyethylcellulose, Isohexadecane, Polysorbate 80, Sorbitan Oleate, Parfum, Methylpropanediol, Ethylhexylglycerin, Benzyl Alcohol, Salicylic Acid, Sorbic Acid, Benzoic Acid, Potassium Sorbate, Caprylyl Glycol, Phenoxyethanol.",5.0,40.0,132.48,132.48,Tołpa,0.0,"water, glycerin, coco - caprylate, cetearyl alcohol, isostearyl lactate, orbignya oleifera seed oil, caprylic,capric triglyceride, peat extract, persea gratissima oil, ceteareth-20, hydrolyzed wheat gluten, ceratonia siliqua gum, enteromorpha compressa extract, caesalpinia spinosa gum, cassia angustifolia seed polysaccharide, cera alba, aluminum starch octenylsuccinate, olus oil, tocopherol, carbomer, sodium acrylate,sodium acryloyldimethyl taurate copolymer, sodium polyacrylate, sodium hydroxide, disodium edta, citric acid, sodium dextran sulfate, hydroxyethylcellulose, isohexadecane, polysorbate 80, sorbitan oleate, parfum, methylpropanediol, ethylhexylglycerin, benzyl alcohol, salicylic acid, sorbic acid, benzoic acid, potassium sorbate, caprylyl glycol, phenoxyethanol."
Janda My Clinic Kriology,"krem na dzień dobry do twarzy 60+, 50 ml",5,45.49,64.99,/janda-krem-na-dzien-dobry-do-twarzy-60-50-ml-000000000000415214.html,"Odbudowujące,
Przeciwzmarszczkowe,
Regenerujące,
Rozświetlające","AQUA/WATER, GLYCERIN, HYDROGENATED POLYDECENE, CAPRYLIC/ CAPRIC TRIGLYCERIDE, SQUALANE, GLYCERYL STEARATE, CETEARYL ALCOHOL, DECYL COCOATE, ETHYLHEXYL PALMITATE, CELLULOSE, DIMETHICONE, PEG-100 STEARATE, ALOE BARBADENSIS LEAF JUICE, PASSIFLORA INCARNATA SEED OIL, TOCOPHERYL ACETATE, CALANTHE DISCOLOR EXTRACT, DIMETHYL ISOSORBIDE, AQUA/WATER (SWISS GLACIER WATER), LACTOBACILLUS/LEMON PEEL FERMENT EXTRACT, ACETYL SH-PENTAPEPTIDE-35, DIAMOND POWDER, CAESALPINIA SPINOSA EXTRACT, KAPPAPHYCUS ALVAREZII EXTRACT, TOCOPHEROL, GLUCONOLACTONE, HYALURONIC ACID, LEUCONOSTOC/RADISH ROOT FERMENT FILTRATE, PROPANEDIOL, ASCORBYL PALMITATE, ASCORBIC ACID, MACADAMIA INTEGRIFOLIA SEED OIL, SODIUM POLYACRYLATE, XANTHAN GUM, CETEARYL DIMETHICONE CROSSPOLYMER, DIETHYLHEXYL SYRINGYLIDENEMALONATE, ALCOHOL, C30-45 ALKYL DIMETHICONE, BEESWAX, LECITHIN, CITRIC ACID, CALCIUM GLUCONATE, GLYCERYL CAPRYLATE, PEG-8, CETEARETH-20, POLYSORBATE 20, DISODIUM EDTA, TRIETHANOLAMINE, PARFUM/FRAGRANCE, PHENOXYETHANOL, ETHYLHEXYLGLYCERIN, SODIUM BENZOATE, POTASSIUM SORBATE, BENZYL ALCOHOL, BENZOIC ACID, BENZYL SALICYLATE, CITRONELLOL, LIMONENE, LINALOOL, ALPHA-ISOMETHYL IONONE",5.0,50.0,129.98,90.98,Janda,30.004616094783803,"water,water, glycerin, hydrogenated polydecene, caprylic/ capric triglyceride, squalane, glyceryl stearate, cetearyl alcohol, decyl cocoate, ethylhexyl palmitate, cellulose, dimethicone, peg-100 stearate, aloe barbadensis leaf juice, passiflora incarnata seed oil, tocopheryl acetate, calanthe discolor extract, dimethyl isosorbide, water,water (swissglacierwater), lactobacillus,lemon peel ferment extract, acetyl sh - pentapeptide-35, diamond powder, caesalpinia spinosa extract, kappaphycus alvarezii extract, tocopherol, gluconolactone, hyaluronic acid, leuconostoc,radish root ferment filtrate, propanediol, ascorbyl palmitate, ascorbic acid, macadamia integrifolia seed oil, sodium polyacrylate, xanthan gum, cetearyl dimethicone crosspolymer, diethylhexyl syringylidenemalonate, alcohol, c30 - 45 alkyl dimethicone, beeswax, lecithin, citric acid, calcium gluconate, glyceryl caprylate, peg-8, ceteareth-20, polysorbate 20, disodium edta, triethanolamine, parfum,fragrance, phenoxyethanol, ethylhexylglycerin, sodium benzoate, potassium sorbate, benzyl alcohol, benzoic acid, benzyl salicylate, citronellol, limonene, linalool, alpha - isomethyl ionone"
Nacomi,"krem do twarzy intensywnie nawilżający i spłycający zmarszczki na dzień 50+, 50 ml",30,22.99,37.99,/nacomi-krem-do-twarzy-splycajacy-zmarszczki-50ml-000000000000275720.html,nawilżający,"Aqua, Persea Gratissima (Avocado) Oil, Butyrospermum Parkii Butter, Macadamia Ternifolia Seed Oil, Glycerin, Cetyl Alcohol, Penthanol, Cetearyl Alcohol, Glyceryl Stearate, Stearic Acid, Tocopheryl Acetate, Sodium Lauroyl Glutamate, Benzyl Alcohol, Hydrolyzed Glycosaminoglycans, Parfum, Dehydroacetic Acid, Hyaluronic Acid.",4.7,50.0,75.98,45.98,Nacomi,39.48407475651488,"water, persea gratissima (avocado) oil, butyrospermum parkii butter, macadamia ternifolia seed oil, glycerin, cetyl alcohol, penthanol, cetearyl alcohol, glyceryl stearate, stearic acid, tocopheryl acetate, sodium lauroyl glutamate, benzyl alcohol, hydrolyzed glycosaminoglycans, parfum, dehydroacetic acid, hyaluronic acid."
Bandi Medical Expert Anti Dark Spot,"tonujący krem do twarzy z SPF50, 50 ml",21,67.99,84.99,/bandi-tonujacy-krem-do-twarzy-z-spf50-50-ml-000000000000428285.html,ochrona UV,"Aqua/Water, Ethylhexyl Methoxycinnamate, Coco-Caprylate/Caprate, Caprylic/Capric Triglyceride, Bis-Ethylhexyloxyphenol Methoxyphenyl Triazine, Methylene Bis-Benzotriazolyl Tetramethylbutylphenol (nano), Butyrospermum Parkii (Shea) Butter, Ethylhexyl Stearate, Propanediol, Diethylamino Hydroxybenzoyl Hexyl Benzoate, Niacinamide, Silica, Glyceryl Stearate, Sodium Stearoyl Glutamate, Pentaerythrityl Distearate, Panthenol, Carnosine, Cetearyl Alcohol, Decyl Glucoside, Xanthan Gum, Caprylyl Glycol, Citric Acid, Diethylhexyl Syringylidenemalonate, Tetrasodium Glutamate Diacetate, PEG-8, Propylene Glycol, Tocopherol, Ascorbyl Palmitate, Ascorbic Acid, Sodium Hydroxide, Parfum/Fragrance, Hydroxyacetophenone ,1,2-Hexanediol, Mica (CI 77019), Titanium Dioxide (CI 77891), Iron Oxides (CI 77491)",4.8,50.0,169.98,135.98,Bandi,20.00235321802565,"water,water, ethylhexyl methoxycinnamate, coco - caprylate,caprate, caprylic,capric triglyceride, bis - ethylhexyloxyphenol methoxyphenyl triazine, methylene bis - benzotriazolyl tetramethylbutylphenol (nano), butyrospermum parkii (shea) butter, ethylhexyl stearate, propanediol, diethylamino hydroxybenzoyl hexyl benzoate, niacinamide, silica, glyceryl stearate, sodium stearoyl glutamate, pentaerythrityl distearate, panthenol, carnosine, cetearyl alcohol, decyl glucoside, xanthan gum, caprylyl glycol, citric acid, diethylhexyl syringylidenemalonate, tetrasodium glutamate diacetate, peg-8, propylene glycol, tocopherol, ascorbyl palmitate, ascorbic acid, sodium hydroxide, parfum,fragrance, hydroxyacetophenone, 1,2 - hexanediol, mica (ci77019), titanium dioxide (ci77891), iron oxides (ci77491)"
Ziaja med Med.,"krem z 15% mocznikiem do stóp, 100 ml",13,17.99,17.99,/ziaja-med-krem-z-15-mocznikiem-do-stop-100-ml-000000000000387540.html,Zmiękczające,"Aqua (Water),Glycerin,Urea,Caprylic/Capric Triglyceride,Glyceryl Stearate,Cetyl Ricinoleate,Paraffinum Liquidum (Mineral Oil),Cera Microcristallina (Microcrystalline Wax),Sodium Lactate,Dimethicone,Cetearyl Alcohol,Propylene Glycol,PEG-100 Stearate,Macadamia Ternifolia Seed Oil,Gossypium Herbaceum (Cotton) Seed Oil,Squalane,Malic Acid,Butylene Glycol,Inulin,Ceramide 3,Ceramide 6 II,Ceramide 1,Phytosphingosine,Cholesterol,Sodium Lauroyl Lactylate,Carbomer,Xanthan Gum,Phenoxyethanol,Methylparaben,Disodium EDTA,Parfum (Fragrance),Lactic Acid",4.9,100.0,17.99,17.99,Ziaja,0.0,"water (water),glycerin, urea, caprylic,capric triglyceride, glyceryl stearate, cetyl ricinoleate, paraffinum liquidum (mineraloil),cera microcristallina (microcrystallinewax),sodium lactate, dimethicone, cetearyl alcohol, propylene glycol, peg-100 stearate, macadamia ternifolia seed oil, gossypium herbaceum (cotton) seed oil, squalane, malic acid, butylene glycol, inulin, ceramide 3,ceramide 6 ii, ceramide 1,phytosphingosine, cholesterol, sodium lauroyl lactylate, carbomer, xanthan gum, phenoxyethanol, methylparaben, disodium edta, parfum (fragrance),lactic acid"
Pharmaceris DS Octopirox,"kojący krem SPF15 do twarzy dla skóry łojotokowej, zaczerwienionej i skłonnej do łuszczenia, 30 ml",6,56.99,56.99,/pharmaceris-kojacy-krem-spf15-do-twarzy-dla-skory-lojotokowej-zaczerwienionej-i-sklonnej-do-luszczenia-30-ml-000000000000225448.html,ochrona UV,"Octopirox® – działa antybakteryjnie, przywraca równowagę mikroflory naskórka, niwelując łuszczenie się skóry, zapobiegając nawrotom dolegliwości. Wspomaga ustępowanie istniejących zmian grudkowo-krostkowych.
Filtry UVA i UVB – odbijają i pochłaniają promienie słoneczne dla zapewnienia skutecznej i wysokiej ochrony przed intensywnym nasłonecznieniem.",4.6,30.0,189.97,189.97,Pharmaceris,0.0,"octopirox ® – działa antybakteryjnie, przywraca równowagę mikroflory naskórka, niwelując łuszczenie się skóry, zapobiegając nawrotom dolegliwości. wspomaga ustępowanie istniejących zmian grudkowo - krostkowych. 
 filtry uva i uvb – odbijają i pochłaniają promienie słoneczne dla zapewnienia skutecznej i wysokiej ochrony prze intensywnym nasłonecznieniem."
Dermedic Sunbrella Baby,"mleczko ochronne do opalania w sprayu SPF50+, 150 ml",19,69.99,69.99,/dermedic-mleczko-w-sprayu-do-opalania-150ml-000000000000309455.html,ochrona UV,"Aqua, Octocrylene, C 12-15 Alkyl Benzoate, Diethylamino Hydroxybenzoyl Hexyl Benzoate, Ethylhexyl Methoxycinnamate, Glycerin, Cyclopentasiloxane, Cyclohexasiloxane, Trimethylpentanediol/Adipic Acid/Glycerin Crosspolymer, Cetearyl Glucoside, Cetyl Alcohol, Stearyl Alcohol, PEG-100 Stearate, Glyceryl Stearate, Methylene Bis-Benzotriazolyl Tetramethylbutylphenol (nano), Decyl Glucoside, Propylene Glycol, Xanthan Gum, Panthenol, Titanium Dioxide (nano), Hydrogenated Polydecene, Polyhydroxystearic Acid, Alumina, Dimethicone, Methyl Cyclodextrin, 7-Dehydrocholesterol, Physalis Angulata Extract, Caprylic/Capric Triglyceride, Tocopherol, PEG-8, Ascorbyl Palmitate, Ascorbic Acid, Citric Acid, Parfum, Dehydroacetic Acid, Benzyl Alcohol",4.9,150.0,46.66,46.66,Dermedic,0.0,"water, octocrylene, c 12 - 15 alkyl benzoate, diethylamino hydroxybenzoyl hexyl benzoate, ethylhexyl methoxycinnamate, glycerin, cyclopentasiloxane, cyclohexasiloxane, trimethylpentanediol,adipic acid,glycerin crosspolymer, cetearyl glucoside, cetyl alcohol, stearyl alcohol, peg-100 stearate, glyceryl stearate, methylene bis - benzotriazolyl tetramethylbutylphenol (nano), decyl glucoside, propylene glycol, xanthan gum, panthenol, titanium dioxide (nano), hydrogenate polydecene, polyhydroxystearic acid, alumina, dimethicone, methyl cyclodextrin, 7 - dehydrocholesterol, physalis angulata extract, caprylic,capric triglyceride, tocopherol, peg-8, ascorbyl palmitate, ascorbic acid, citric acid, parfum, dehydroacetic acid, benzyl alcohol"
Embryolisse,"odżywczo-nawilżający krem do twarzy, 75 ml",32,94.99,94.99,/embryolisse-odzywczo-nawilzajacy-krem-do-twarzy-75-ml-000000000000370364.html,odżywczy,"AQUA. PARAFFINUM LIQUIDUM. STEARIC ACID. GLYCERYL STEARATE. TRIETHANOLAMINE. CERA ALBA. CETYL PALMITATE. BUTYROSPERMUM PARKII. STEARETH-10, POLYACRYLAMIDE C13-14 ISOPARAFFIN, LAURETH-7. PROPYLENE GLYCOL, HYDROLYZED SOY PROTEIN, ALOE BARBADENSIS. 1,2-HEXANEDIOL, CAPRYLYL GLYCOL. TROPOLONE. PARFUM.",4.8,75.0,126.65,126.65,Embryolisse,0.0,"water. paraffinum liquidum. stearic acid. glyceryl stearate. triethanolamine. cera alba. cetyl palmitate. butyrospermum parkii. steareth-10, polyacrylamide c13 - 14 isoparaffin, laureth-7. propylene glycol, hydrolyzed soy protein, aloe barbadensis. 1,2 - hexanediol, caprylyl glycol. tropolone. parfum."
Vianek,"nawilżający krem do twarzy na noc do skory suchej i wrażliwej z ekstraktem z robinii akacjowej, 50 ml",21,33.99,33.99,/vianek-nawilzajacy-krem-do-twarzy-na-noc-do-skory-suchej-i-wrazliwej-z-ekstraktem-z-robinii-akacjowej-50-ml-000000000000293779.html,nawilżający,"Aqua,Glycine Soja Oil,Urea,Triticum Vulgare Germ Oil,Sorbitan Stearate,Sucrose Cocoate,Glycerin,Argania Spinosa Kernel Oil,Robinia Pseudoacacia Flower Extract,Glyceryl Stearate,Coco-Caprylate,Stearic Acid,Cetearyl Alcohol,Xanthan Gum,Sodium Lactate,Sodium Hyaluronate,Tocopheryl Acetate,Benzyl Alcohol,Parfum,Dehydroacetic Acid",4.0,50.0,67.98,67.98,Vianek,0.0,"water, glycine soja oil, urea, triticum vulgare germ oil, sorbitan stearate, sucrose cocoate, glycerin, argania spinosa kernel oil, robinia pseudoacacia flower extract, glyceryl stearate, coco - caprylate, stearic acid, cetearyl alcohol, xanthan gum, sodium lactate, sodium hyaluronate, tocopheryl acetate, benzyl alcohol, parfum, dehydroacetic acid"
Bioderma Sensibio Defensive Rich,"krem do twarzy, 40 ml",10,79.99,79.99,/bioderma-krem-do-twarzy-40-ml-000000000000407568.html,Kojące,"AQUA/WATER/EAU, GLYCERIN, DICAPRYLYL ETHER, GLYCOL PALMITATE,BUTYLENE GLYCOL, CETYL PALMITATE, GLYCERYL STEARATE CITRATE, SQUALANE, SUCROSE STEARATE, TRIDECYL TRIMELLITATE, GLYCERYL DIBEHENATE, POLYSORBATE 60, PENTYLENE GLYCOL, TRIBEHENIN, GLYCERYL BEHENATE, ACRYLATES/C10-30 ALKYL ACRYLATE CROSSPOLYMER, CAPRYLYL GLYCOL, CARNOSINE, HYDROXYETHYL ACRYLATE/SODIUM ACRYLOYLDIMETHYL TAURATE COPOLYMER, MANNITOL, TOCOPHEROL, SALVIA MILTIORRHIZA FLOWER/ LEAF/ROOT EXTRACT, RHAMNOSE, GLYCINE SOJA (SOYBEAN) OIL, SORBITAN ISOSTEARATE, SODIUM HYDROXIDE, PALMITOYL TETRAPEPTIDE-10. [BI 2003]",4.8,40.0,199.98,199.98,Bioderma,0.0,"water,water,eau, glycerin, dicaprylyl ether, glycol palmitate, butylene glycol, cetyl palmitate, glyceryl stearate citrate, squalane, sucrose stearate, tridecyl trimellitate, glyceryl dibehenate, polysorbate 60, pentylene glycol, tribehenin, glyceryl behenate, acrylates,c10 - 30 alkyl acrylate crosspolymer, caprylyl glycol, carnosine, hydroxyethyl acrylate,sodium acryloyldimethyl taurate copolymer, mannitol, tocopherol, salvia miltiorrhiza flower/ leaf,root extract, rhamnose, glycine soja (soybean) oil, sorbitan isostearate, sodium hydroxide, palmitoyl tetrapeptide-10., bi 2003 ]"
Bielenda Good Skin Glow Boost,"rozświetlający krem do twarzy, 50 ml",6,20.99,34.99,/bielenda-rozswietlajacy-krem-do-twarzy-50-ml-000000000000387064.html,Rozświetlające,"Aqua (Water),Isohexadecane,Butyrospermum Parkii (Shea) Butter,C10-18 Triglycerides,Sorbitan Palmitate,Glycerin,Tocopheryl Acetate,Glyceryl Stearate,Cetearyl Alcohol,Macadamia Integrifolia Seed Oil,Glycolic Acid,Propanediol,PEG-100 Stearate,3-O-Ethyl Ascorbic Acid,Ferulic Acid,Allantoin,Potassium Hydroxide,Xanthan Gum,Tocopherol,Squalene,Ascorbyl Palmitate,Glycine Soja (Soybean) Oil,Beta-Sitosterol,Disodium EDTA,Tetrasodium Glutamate Diacetate,Ethylhexylglycerin,Phenoxyethanol,Parfum (Fragrance),Citronellol,Geraniol,Linalool",4.5,50.0,69.98,41.98,Bielenda,40.011431837667914,"water (water),isohexadecane, butyrospermum parkii (shea) butter, c10 - 18 triglycerides, sorbitan palmitate, glycerin, tocopheryl acetate, glyceryl stearate, cetearyl alcohol, macadamia integrifolia seed oil, glycolic acid, propanediol, peg-100 stearate,3 - o - ethyl ascorbic acid, ferulic acid, allantoin, potassium hydroxide, xanthan gum, tocopherol, squalene, ascorbyl palmitate, glycine soja (soybean) oil, beta - sitosterol, disodium edta, tetrasodium glutamate diacetate, ethylhexylglycerin, phenoxyethanol, parfum (fragrance),citronellol, geraniol, linalool"
Yoskine Bio Collagen,"krem do twarzy na noc 60+, 50 ml",8,51.99,51.99,/yoskine-krem-do-twarzy-na-noc-60-50-ml-000000000000382642.html,"Odżywcze,
Przeciwzmarszczkowe","Aqua, Hydrogenated Polydecene, Cetearyl Alcohol, Caprylic/- Capric Triglyceride, Glycerin, Dicaprylyl Ether, Triolein, Isostearyl Hydroxystearate, Simmondsia Chinensis Seed Oil, Ammonium Acryloyldimethyltaurate/VP Copolymer, Pentylene Glycol, Collagen Amino Acids, Propanediol, Laminaria Japonica Extract, Hydrolyzed Candida Saitoana Extract, Palmitoyl Tetrapeptide-7, Carrageenan, Sodium Lactate, Leuconostoc/Radish Root Ferment Filtrate, Palmitoyl Tripeptide-1, Butylene Glycol, Cetearyl Glucoside, Tocopherol, Carbomer, Ethylhexylglycerin, Glyceryl Dioleate, Polysorbate 20, Chlorphenesin, Propylene Glycol, Octadecyl Di-T-Butyl-4-Hydroxyhydrocinnamate, Disodium EDTA, Hydroxyacetophenone, Phenoxyethanol, Parfum, Limonene, Citronellol, Benzyl Salicylate, Alpha-Isomethyl Ionone, Linalool, Hydroxycitronellal, Hexyl Cinnamal, CI 42090.",4.9,50.0,103.98,103.98,Yoskine,0.0,"water, hydrogenate polydecene, cetearyl alcohol, caprylic/- capric triglyceride, glycerin, dicaprylyl ether, triolein, isostearyl hydroxystearate, simmondsia chinensis seed oil, ammonium acryloyldimethyltaurate,vp copolymer, pentylene glycol, collagen amino acids, propanediol, laminaria japonica extract, hydrolyzed candida saitoana extract, palmitoyl tetrapeptide-7, carrageenan, sodium lactate, leuconostoc,radish root ferment filtrate, palmitoyl tripeptide-1, butylene glycol, cetearyl glucoside, tocopherol, carbomer, ethylhexylglycerin, glyceryl dioleate, polysorbate 20, chlorphenesin, propylene glycol, octadecyl di - t - butyl-4 - hydroxyhydrocinnamate, disodium edta, hydroxyacetophenone, phenoxyethanol, parfum, limonene, citronellol, benzyl salicylate, alpha - isomethyl ionone, linalool, hydroxycitronellal, hexyl cinnamal, ci 42090."
Alma K. Hydrate,"nawilżający krem na dzień do skóry normalnej i mieszanej, 50 ml",17,144.99,144.99,/alma-k-nawilzajacy-krem-na-dzien-do-skory-normalnej-mieszanej-50ml-000000000000291620.html,nawilżający,"Aqua (Water), Glyceryl Stearate SE, Cetyl Alcohol, Cetearyl Alcohol, Caprylic/Capric Triglyceride, Maris Aqua (Dead Sea Water), Aloe Barbadensis (Aloe Vera) Leaf Juice, Olea Europaea (Olive) Fruit Oil, Hamamelis Virginiana (Witch Hazel) Leaf Extract, Borago Officinalis (Borage) Seed Oil, Citrus Limon (Lemon) Juice, Punica Granatum (Pomegranate) Extract, Anthemis Nobilis (Chamomile) Flower Extract, Sesamum Indicum (Sesame) Seed Oil, Camellia Sinensis (Green Tea) Leaf Extract, Calendula Officinalis (Pot Marigold) Flower Oil, Bambusa Vulgaris (Bamboo) Sap Extract, Glycine Soja (Soybean) Oil, Tocopheryl Acetate (Vit E), Glycerin, Parfum (Fragrance), Propylene Glycol, Cetearyl Glucoside, Dimethicone, Triethylene Glycol, Phenoxyethanol, Linalool, Hexyl Cinnamal, Sodium Benzoate, Citric Acid, Benzyl Alcohol, Potassium Sorbate, Hydroxycitronellal, Benzoic Acid, Dehydroacetic Acid.",5.0,50.0,289.98,289.98,Alma K.,0.0,"water (water), glyceryl stearate se, cetyl alcohol, cetearyl alcohol, caprylic,capric triglyceride, maris water (deadseawater), aloe barbadensis (aloevera) leaf juice, olea europaea (olive) fruit oil, hamamelis virginiana (witchhazel) leaf extract, borago officinalis (borage) seed oil, citrus limon (lemon) juice, punica granatum (pomegranate) extract, anthemis nobilis (chamomile) flower extract, sesamum indicum (sesame) seed oil, camellia sinensis (greentea) leaf extract, calendula officinalis (potmarigold) flower oil, bambusa vulgaris (bamboo) sap extract, glycine soja (soybean) oil, tocopheryl acetate (vite), glycerin, parfum (fragrance), propylene glycol, cetearyl glucoside, dimethicone, triethylene glycol, phenoxyethanol, linalool, hexyl cinnamal, sodium benzoate, citric acid, benzyl alcohol, potassium sorbate, hydroxycitronellal, benzoic acid, dehydroacetic acid."
LaQ Kocica,"masło do twarzy, 50 ml",7,34.99,34.99,/laq-maslo-do-twarzy-50-ml-000000000000384728.html,"Kojące,
Łagodzące,
Natłuszczające,
Nawilżające,
Ochronne,
Odżywcze,
Regenerujące","Butyrospermum Parkii Butter, Citrullus Vulgaris Seed Oil, Rubus Idaeus Seed Oil, Cannabis Sativa Seed Oil, Tocopherol, Copaifera Officinalis Resin, Glyceryl Isostearate, Palmitoyl Hydrolyzed Wheat Protein, Potassium Cocoyl Hydrolyzed Wheat Protein, Panthenol, Glycyrrhetinic Acid, Allantoin, Lecithin, Olea Europaea Fruit Oil, Parfum, Alpha-Isomethyl Ionone, Benzyl Salicylate, Citronellol, Hexyl Cinnamal, Hydroxycitronellal, Limonene, Linalool",4.1,50.0,69.98,69.98,LaQ,0.0,"butyrospermum parkii butter, citrullus vulgaris seed oil, rubus idaeus seed oil, cannabis sativa seed oil, tocopherol, copaifera officinalis resin, glyceryl isostearate, palmitoyl hydrolyzed wheat protein, potassium cocoyl hydrolyzed wheat protein, panthenol, glycyrrhetinic acid, allantoin, lecithin, olea europaea fruit oil, parfum, alpha - isomethyl ionone, benzyl salicylate, citronellol, hexyl cinnamal, hydroxycitronellal, limonene, linalool"
Ava C+Strategy,"liftingujący krem do twarzy na dzień, 50 ml",7,39.99,39.99,/ava-liftingujacy-krem-do-twarzy-na-dzien-50-ml-000000000000364663.html,"Liftingujące,
Napinające skórę,
Przeciwstarzeniowe,
Przeciwzmarszczkowe,
Ujędrniające,
Wygładzające","Aqua, Helianthus Annuus Seed Oil, Glycerin, Glyceryl Stearate, Glycine Soja Oil, Isopropyl Myristate, Cetearyl Alcohol, Ceteareth-20, Dimethicone, Tocopheryl Acetate, Sodium Ascorbyl Phosphate, Citrus Grandis Peel Oil, Pullulan, Algae Extract, Tamarindus Indica Fruit Extract, Trifolium Pratense Leaf Extract, Porphyridium Cruentum Extract, Astaxanthin, Beta-Carotene, Daucus Carota Sativa Root Extract, Daucus Carota Sativa Seed Oil, Ascorbyl Palmitate, Ceteareth-12, Cetyl Palmitate, Acrylates/C10-30 Alkyl Acrylate Crosspolymer, Phenoxyethanol, Xanthan Gum, Citric Acid, Disodium EDTA, Hydroxypropyl Methylcellulose, Triethanolamine, Ethylhexylglycerin, Sodium Benzoate, Potassium Sorbate, Limonene",4.0,50.0,79.98,79.98,Ava,0.0,"water, helianthus annuus seed oil, glycerin, glyceryl stearate, glycine soja oil, isopropyl myristate, cetearyl alcohol, ceteareth-20, dimethicone, tocopheryl acetate, sodium ascorbyl phosphate, citrus grandis peel oil, pullulan, algae extract, tamarindus indica fruit extract, trifolium pratense leaf extract, porphyridium cruentum extract, astaxanthin, beta - carotene, daucus carota sativa root extract, daucus carota sativa seed oil, ascorbyl palmitate, ceteareth-12, cetyl palmitate, acrylates,c10 - 30 alkyl acrylate crosspolymer, phenoxyethanol, xanthan gum, citric acid, disodium edta, hydroxypropyl methylcellulose, triethanolamine, ethylhexylglycerin, sodium benzoate, potassium sorbate, limonene"
Bioderma Photoderm Spot-Age,"krem przeciw przebarwieniom z SPF50 do twarzy, 30 ml",6,99.99,99.99,/bioderma-krem-przeciw-przebarwieniom-z-spf50-do-twarzy-30-ml-000000000000437486.html,ochrona UV,"AQUA/WATER/EAU, DIETHYLAMINO HYDROXYBENZOYL HEXYL BENZOATE, HOMOSALATE, DIISOPROPYL SEBACATE, BIS-ETHYLHEXYLOXYPHENOL METHOXYPHENYL TRIAZINE, DIBUTYL ADIPATE, PROPANEDIOL,
ETHYLHEXYL SALICYLATE, ETHYLHEXYL TRIAZONE, GLYCERIN, SILICA, TITANIUM DIOXIDE (CI 77891), SUCROSE LAURATE, UNDECANE, C20-22 ALKYL PHOSPHATE, SODIUM STEAROYL GLUTAMATE, C20-22 ALCOHOLS, SODIUM POLYACRYLATE, TRIDECANE, CAPRYLOYL GLYCINE, SODIUM HYDROXIDE, SODIUM CITRATE, CAPRYLYL GLYCOL, ECTOIN, MANNITOL, XYLITOL, RHAMNOSE, SODIUM LAUROYL GLUTAMATE, LYSINE,
MAGNESIUM CHLORIDE, FRUCTOOLIGOSACCHARIDES, CAPRYLIC/CAPRIC TRIGLYCERIDE, TOCOPHEROL, HELIANTHUS ANNUUS (SUNFLOWER) SEED OIL, LAMINARIA OCHROLEUCA EXTRACT. [BI 543]",4.7,30.0,333.3,333.3,Bioderma,0.0,"water,water,eau, diethylamino hydroxybenzoyl hexyl benzoate, homosalate, diisopropyl sebacate, bis - ethylhexyloxyphenol methoxyphenyl triazine, dibutyl adipate, propanediol, 
 ethylhexyl salicylate, ethylhexyl triazone, glycerin, silica, titanium dioxide (ci77891), sucrose laurate, undecane, c20 - 22 alkyl phosphate, sodium stearoyl glutamate, c20 - 22 alcohols, sodium polyacrylate, tridecane, capryloyl glycine, sodium hydroxide, sodium citrate, caprylyl glycol, ectoin, mannitol, xylitol, rhamnose, sodium lauroyl glutamate, lysine, 
 magnesium chloride, fructooligosaccharides, caprylic,capric triglyceride, tocopherol, helianthus annuus (sunflower) seed oil, laminaria ochroleuca extract., bi 543 ]"
Nivea Sun,"przeciwzmarszczkowy krem do twarzy z SPF50, 50 ml",8,38.29,38.29,/nivea-przeciwzmarszczkowy-krem-do-twarzy-z-spf50-50-ml-000000000000357035.html,przeciwzmarszczkowy,"Aqua, Homosalate, Glycerin, Butyl Methoxydibenzoylmethane, Ethylhexyl Salicylate, Butylene Glycol Dicaprylate/Dicaprate, Alcohol Denat., Bis-Ethylhexyloxyphenol Methoxyphenyl Triazine, Ethylhexyl Triazone, C12-15 Alkyl Benzoate, Cetearyl Alcohol, Distarch Phosphate, Phenylbenzimidazole Sulfonic Acid, Diethylamino Hydroxybenzoyl Hexyl Benzoate, Glycyrrhiza Inflata Root Extract, Ubiquinone, Tocopheryl Acetate, Sodium Stearoyl Glutamate, Glyceryl Stearate, Xanthan Gum, Carbomer, Acrylates/C10-30 Alkyl Acrylate Crosspolymer, Dime- thicone, Sodium Chloride, Sodium Hydroxide, Trisodium EDTA, Ethylhexylglycerin, Phenoxyethanol, Linalool, Limonene, Benzyl Alcohol, AlphaIsomethyl Ionone, Geraniol, Citronellol, Coumarin, Parfum",4.8,50.0,76.58,76.58,Nivea,0.0,"water, homosalate, glycerin, butyl methoxydibenzoylmethane, ethylhexyl salicylate, butylene glycol dicaprylate,dicaprate, alcohol denat., bis - ethylhexyloxyphenol methoxyphenyl triazine, ethylhexyl triazone, c12 - 15 alkyl benzoate, cetearyl alcohol, distarch phosphate, phenylbenzimidazole sulfonic acid, diethylamino hydroxybenzoyl hexyl benzoate, glycyrrhiza inflata root extract, ubiquinone, tocopheryl acetate, sodium stearoyl glutamate, glyceryl stearate, xanthan gum, carbomer, acrylates,c10 - 30 alkyl acrylate crosspolymer, dime- thicone, sodium chloride, sodium hydroxide, trisodium edta, ethylhexylglycerin, phenoxyethanol, linalool, limonene, benzyl alcohol, alphaisomethyl ionone, geraniol, citronellol, coumarin, parfum"
Bioderma Hydrabio Créme,"krem głęboko nawilżający o bogatej konsystencji do twarzy, 50 ml",25,69.99,99.99,/bioderma-krem-do-twarzy-50ml-000000000000286346.html,nawilżający,"AQUA/WATER/EAU, GLYCERIN, ISODODECANE, CYCLOPENTASILOXANE, PROPYLENE GLYCOL DICAPRYLATE/DICAPRATE, DIMETHICONE, PROPANEDIOL, XYLITOL, CETYL PALMITATE, HYDROGENATED POLYDECENE, NIACINAMIDE, TRIDECYL TRIMELLITATE, ARACHIDYL ALCOHOL, POLYMETHYLSILSESQUIOXANE, GLYCERYL DIBEHENATE, BEHENYL ALCOHOL, HDI/TRIMETHYLOL HEXYLLACTONE CROSSPOLYMER, TRIBEHENIN, DIMETHICONE/VINYL DIMETHICONE CROSSPOLYMER, PENTYLENE GLYCOL, TOCOPHERYL ACETATE, ARACHIDYL GLUCOSIDE, ACRYLATES/C10-30 ALKYL ACRYLATE CROSSPOLYMER, HYDROXYETHYL ACRYLATE/SODIUM ACRYLOYLDIMETHYL TAURATE COPOLYMER, GLYCERYL BEHENATE, DISODIUM EDTA, SQUALANE, SALICYLIC ACID, SODIUM HYDROXIDE, MANNITOL, SODIUM HYALURONATE, HEXYLDECANOL, TOCOPHEROL, POLYSORBATE 60, RHAMNOSE, HELIANTHUS ANNUUS (SUNFLOWER) SEED OIL, PYRUS MALUS (APPLE) SEED EXTRACT, BRASSICA CAMPESTRIS (RAPESEED) STEROLS, FRAGRANCE (PARFUM).",4.6,50.0,199.98,139.98,Bioderma,30.003000300030003,"water,water,eau, glycerin, isododecane, cyclopentasiloxane, propylene glycol dicaprylate,dicaprate, dimethicone, propanediol, xylitol, cetyl palmitate, hydrogenated polydecene, niacinamide, tridecyl trimellitate, arachidyl alcohol, polymethylsilsesquioxane, glyceryl dibehenate, behenyl alcohol, hdi,trimethylol hexyllactone crosspolymer, tribehenin, dimethicone,vinyl dimethicone crosspolymer, pentylene glycol, tocopheryl acetate, arachidyl glucoside, acrylates,c10 - 30 alkyl acrylate crosspolymer, hydroxyethyl acrylate,sodium acryloyldimethyl taurate copolymer, glyceryl behenate, disodium edta, squalane, salicylic acid, sodium hydroxide, mannitol, sodium hyaluronate, hexyldecanol, tocopherol, polysorbate 60, rhamnose, helianthus annuus (sunflower) seed oil, pyrus malus (apple) seed extract, brassica campestris (rapeseed) sterols, fragrance (parfum)."
Ziaja med Med.,"krem do cery naczynkowej SPF50+, 50 ml",11,28.99,28.99,/ziaja-med-krem-do-cery-naczynkowej-spf50-50-ml-000000000000387432.html,ochrona UV,"Aqua (Water),C12-15 Alkyl Benzoate,Bis-Ethylhexyloxyphenol Methoxyphenyl Triazine,Polymethyl Methacrylate,Diethylamino Hydroxybenzoyl Hexyl Benzoate,Ethylhexyl Salicylate,Triethylhexanoin,Ethylhexyl Triazone,Glycerin,CI 77891 (Titanium Dioxide),Dimethicone,Potassium Cetyl Phosphate,Methylene Bis-Benzotriazolyl Tetramethylbutylphenol (nano),Polyurethane-35,Cetyl Alcohol,Glyceryl Stearate,PEG-100 Stearate,Panthenol,Tocopheryl Acetate,Xanthan Gum,Carbomer,Disodium EDTA,DMDM Hydantoin,Methylparaben,Ethylparaben,Parfum (Fragrance),Citronellol,Limonene,Sodium Hydroxide,CI 77492,CI 77491,CI 77499",4.5,50.0,57.98,57.98,Ziaja,0.0,"water (water),c12 - 15 alkyl benzoate, bis - ethylhexyloxyphenol methoxyphenyl triazine, polymethyl methacrylate, diethylamino hydroxybenzoyl hexyl benzoate, ethylhexyl salicylate, triethylhexanoin, ethylhexyl triazone, glycerin, ci 77891 (titaniumdioxide),dimethicone, potassium cetyl phosphate, methylene bis - benzotriazolyl tetramethylbutylphenol (nano),polyurethane-35,cetyl alcohol, glyceryl stearate, peg-100 stearate, panthenol, tocopheryl acetate, xanthan gum, carbomer, disodium edta, dmdm hydantoin, methylparaben, ethylparaben, parfum (fragrance),citronellol, limonene, sodium hydroxide, ci 77492,ci 77491,ci 77499"
Lirene Bursztynowa Odbudowa,"ujędrniający krem przeciwzmarszczkowy do twarzy na dzień i noc 60+, 50 ml",6,18.99,18.99,/lirene-ujedrniajacy-krem-przeciwzmarszczkowy-60-50ml-000000000000227748.html,ujędrniający,"Aqua (Water),Dicaprylyl Ether,Isopropyl Palmitate,Glycerin,Cyclopentasiloxane,Cyclohexasiloxane,Cetyl PEG/PPG-10/1 Dimethicone,Zinc Stearate,Magnesium Sulfate,Polyglyceryl-2 Dipolyhydroxystearate,Hydroxyacetophenone,Prunus Amygdalus Dulcis (Sweet Almond) Oil,Paraffin,C10-18 Triglycerides,Paraffinum Liquidum (Mineral Oil),Cera Alba (Beeswax),Stearic Acid,Amber Extract,BHA,Citric Acid,BHT,Arnica Montana (Arnica) Extract,Phenoxyethanol,Methylparaben,Butylparaben,Ethylparaben,Propylparaben,Potassium Sorbate,Sodium Benzoate,Parfum (Fragrance),Hydroxycitronellal,Hexyl Cinnamal",4.3,50.0,37.98,37.98,Lirene,0.0,"water (water),dicaprylyl ether, isopropyl palmitate, glycerin, cyclopentasiloxane, cyclohexasiloxane, cetyl peg,ppg-10/1 dimethicone, zinc stearate, magnesium sulfate, polyglyceryl-2 dipolyhydroxystearate, hydroxyacetophenone, prunus amygdalus dulcis (sweetalmond) oil, paraffin, c10 - 18 triglycerides, paraffinum liquidum (mineraloil),cera alba (beeswax),stearic acid, amber extract, bha, citric acid, bht, arnica montana (arnica) extract, phenoxyethanol, methylparaben, butylparaben, ethylparaben, propylparaben, potassium sorbate, sodium benzoate, parfum (fragrance),hydroxycitronellal, hexyl cinnamal"
Vichy Neovadiol Rose Platinium,"ujędrniający krem różany do twarzy na dzień, 50 ml",9,169.99,169.99,/vichy-krem-do-twarzy-50ml-000000000000304060.html,ujędrniający,"688869 28 - INGREDIENTS: AQUA • GLYCERIN • ALCOHOL DENAT. • DIMETHICONE • PARAFFINUM LIQUIDUM • BUTYROSPERMUM PARKII BUTTER • BIS-BEHENYL/ISOSTEARYL/PHYTOSTERYL DIMER DILINOLEYL DIMER DILINOLEATE • C30-45 ALKYL DIMETHICONE • PEG-20 STEARATE • SILICA • ORYZA SATIVA BRAN OIL • TIN OXIDE • PEG-100 STEARATE • PEG-30 DIPOLYHYDROXYSTEARATE • CI 77491 • CI 77891 • CERA MICROCRISTALLINA • STEARYL ALCOHOL • PARAFFIN • CERA ALBA • POTASSIUM HYDROXIDE • CARBOMER • GLYCERYL STEARATE • CALCIUM PCA • TRIDECETH-6 • SODIUM PHYTATE • SODIUM HYALURONATE • 2-OLEAMIDO-1,3-OCTADECANEDIOL • PHENOXYETHANOL • AMMONIUM POLYACRYLOYLDIMETHYL TAURATE • TOCOPHEROL • HYDROGENATED POLYISOBUTENE • CAPRYLOYL SALICYLIC ACID • CITRIC ACID • SYNTHETIC FLUORPHLOGOPITE • PENTAERYTHRITYL TETRA-DI-T-BUTYL HYDROXYHYDROCINNAMATE • FAEX EXTRACT • OCTYLDODECANOL • CETYL PALMITATE • ACRYLATES/C10-30 ALKYL ACRYLATE CROSSPOLYMER • ETHYLHEXYLGLYCERIN • PARFUM (F.I.L. C207282/2).",5.0,50.0,339.98,339.98,Vichy,0.0,"688869 28 - ingredient: water,glycerin,alcohol denat.,dimethicone,paraffinum liquidum,butyrospermum parkii butter,bis - behenyl,isostearyl,phytosteryl dimer dilinoleyl dimer dilinoleate,c30 - 45 alkyl dimethicone,peg-20 stearate,silica,oryza sativa bran oil,tin oxide,peg-100 stearate,peg-30 dipolyhydroxystearate,ci 77491,ci 77891,cera microcristallina,stearyl alcohol,paraffin,cera alba,potassium hydroxide,carbomer,glyceryl stearate,calcium pca,trideceth-6,sodium phytate,sodium hyaluronate,2 - oleamido-1,3 - octadecanediol,phenoxyethanol,ammonium polyacryloyldimethyl taurate,tocopherol,hydrogenate polyisobutene,capryloyl salicylic acid,citric acid,synthetic fluorphlogopite,pentaerythrityl tetra - di - t - butyl hydroxyhydrocinnamate,faex extract,octyldodecanol,cetyl palmitate,acrylate,c10 - 30 alkyl acrylate crosspolymer,ethylhexylglycerin,parfum (f.i.l.c207282/2)."
Holika Holika Aloe Ice Cooling,"spray przeciwsłoneczny do twarzy i ciała z SPF50+/PA++++, 100 ml",19,109.99,109.99,/holika-holika-spray-przeciwsloneczny-do-twarzy-i-ciala-z-spf50-pa-100-ml-000000000000376339.html,ochrona UV,"Aloe Ice Cooling Spray Butane, Propane, Water, Disiloxane, Homosalate, Cyclopentasiloxane, Alcohol, Ethylhexyl Methoxycinnamate, Dibutyl Adipate, Dipropylene Glycol, Ethylhexyl Salicylate, Diethylamino Hydroxybenzoyl Hexyl Benzoate, Phenylbenzimidazole Sulfonic Acid, Bis-ethylhexyloxyphenol Methoxyphenyl Triazine, Trometh-amine, Polymethylsilsesquioxane, Lauryl Polyglyceryl-3 Polydimethylsiloxyethyl Dimethicone, Acrylates/Dimethicone, Propanediol, Polyglyceryl-4 Diisostearate/Polyhydroxystearate/Seb Acate, Sodium Chloride, Fragrance, Octyldodecanol, Glyceryl Caprylate, Saccharide Hydrolysate, 1,2-Hexanediol, Butylene Glycol, Centella Asiatica Extract, Portulaca Oleracea Extract, Houttuynia Cordata Extract, Echium Plantagineum Seed Oil, Salvia Hispanica Seed Extract, Aloe Barbadensis Leaf Extract, Curcuma Longa (Turmeric) Root Extract, Cardiospermum Halicacabum Flower/Leaf/Vine Extract, Helianthus Annuus (Sunflower) Seed Oil Unsaponifiables, Tocopherol",4.0,100.0,109.99,109.99,Holika Holika,0.0,"aloe ice cooling spray butane, propane, water, disiloxane, homosalate, cyclopentasiloxane, alcohol, ethylhexyl methoxycinnamate, dibutyl adipate, dipropylene glycol, ethylhexyl salicylate, diethylamino hydroxybenzoyl hexyl benzoate, phenylbenzimidazole sulfonic acid, bis - ethylhexyloxyphenol methoxyphenyl triazine, trometh - amine, polymethylsilsesquioxane, lauryl polyglyceryl-3 polydimethylsiloxyethyl dimethicone, acrylates,dimethicone, propanediol, polyglyceryl-4 diisostearate,polyhydroxystearate,seb acate, sodium chloride, fragrance, octyldodecanol, glyceryl caprylate, saccharide hydrolysate, 1,2 - hexanediol, butylene glycol, centella asiatica extract, portulaca oleracea extract, houttuynia cordata extract, echium plantagineum seed oil, salvia hispanica seed extract, aloe barbadensis leaf extract, curcuma longa (turmeric) root extract, cardiospermum halicacabum flower,leaf,vine extract, helianthus annuus (sunflower) seed oil unsaponifiable, tocopherol"
Vichy Liftactiv Supreme,"krem przeciwzmarszczkowy dla skóry suchej, 50 ml",8,163.99,163.99,/vichy-krem-do-twarzy-na-dzien-50ml-000000000000302575.html,przeciwzmarszczkowy,"B184641/1
AQUA / WATER
GLYCERIN
DIMETHICONE
ISOCETYL STEARATE
NIACINAMIDE
ISOPROPYL LAUROYL SARCOSINATE
AMMONIUM POLYACRYLOYLDIMETHYL TAURATE
METHYL METHACRYLATE CROSSPOLYMER
T-BUTYL ALCOHOL
SODIUM HYDROXIDE
OLEIC ACID
SALICYLIC ACID
SILICA SILYLATE
POLOXAMER 338
NYLON - 12
POLYSORBATE 80
ZINC PCA
LINOLEIC ACID
PENTAERYTHRITYL TETRA-DI-T-BUTYL HYDROXYHYDROCINNAMATE
ISOHEXADECANE
2-OLEAMIDO-1,3-OCTADECANEDIOL
CAPRYLOYL SALICYLIC ACID
CAPRYLYL GLYCOL
PIROCTONE OLAMINE
MYRISTYL MYRISTATE
ACRY LAMIDE/ SODIUM ACRYLOYLDIMETHYLTAURATE COPOLYMER
PARFUM / FRAGRANCE
SORBITAN OLEATE
DISODIUM EDTA
POTASSIUM CETYL PHOSPHATE
BHT
GLYCERYL STEARATE SE
[+/- MAY CONTAIN CI 77891 / TITANIUM DIOXIDE
CI 77491, CI 77492, CI 77499 / IRON OXIDES
MICA].",4.8,50.0,327.98,327.98,Vichy,0.0,"b184641/1 
 water,water 
 glycerin 
 dimethicone 
 isocetyl stearate 
 niacinamide 
 isopropyl lauroyl sarcosinate 
 ammonium polyacryloyldimethyl taurate 
 methyl methacrylate crosspolymer 
 t - butyl alcohol 
 sodium hydroxide 
 oleic acid 
 salicylic acid 
 silica silylate 
 poloxamer 338 
 nylon - 12 
 polysorbate 80 
 zinc pca 
 linoleic acid 
 pentaerythrityl tetra - di - t - butyl hydroxyhydrocinnamate 
 isohexadecane 
 2 - oleamido-1,3 - octadecanediol 
 capryloyl salicylic acid 
 caprylyl glycol 
 piroctone olamine 
 myristyl myristate 
 acry lamide/ sodium acryloyldimethyltaurate copolymer 
 parfum,fragrance 
 sorbitan oleate 
 disodium edta 
 potassium cetyl phosphate 
 bht 
 glyceryl stearate se 
, + /- may contain ci 77891,titanium dioxide 
 ci 77491, ci 77492, ci 77499,iron oxides 
 mica,."
Pharmaceris T Comedo Acne,"krem przeciw zaskórnikom odblokowuje i zwęża pory, 40 ml",21,56.99,56.99,/pharmaceris-krem-przeciw-zaskornikom-odblokowuje-i-zweza-pory-40-ml-000000000000389535.html,Seboregulujące,"Aqua (Water), Dicaprylyl Ether, Dibutyl Adipate, Glycerin, Propanediol, Polyacrylamide, Cetyl Alcohol, Glyceryl Stearate, Potassium Azeloyl Diglycinate, Shikimic Acid, Methyl Methacrylate Crosspolymer, Niacinamide, C13-14 Isoparafﬁn, Hydroxyacetophenone, PEG-75 Stearate, Ceteth-20, Steareth-20, Laureth-7, Parfum (Fragrance)",4.4,40.0,142.48,142.48,Pharmaceris,0.0,"water (water), dicaprylyl ether, dibutyl adipate, glycerin, propanediol, polyacrylamide, cetyl alcohol, glyceryl stearate, potassium azeloyl diglycinate, shikimic acid, methyl methacrylate crosspolymer, niacinamide, c13 - 14 isoparafﬁn, hydroxyacetophenone, peg-75 stearate, ceteth-20, steareth-20, laureth-7, parfum (fragrance)"
Floslek Róża,"różany krem odmładzający do twarzy na dzień, 50 ml",5,24.99,24.99,/floslek-rozany-krem-odmladzajacy-do-twarzy-na-dzien-50-ml-000000000000410661.html,odmładzający,"Aqua*, Caprylic/Capric Triglyceride*, Butyrospermum Parkii Butter*, Glycerin*, Cetearyl Olivate*, Isopropyl Myristate*, Shea Butter Ethyl Esters*, Sorbitan Olivate*, Cetearyl Alcohol*, Cetyl Palmitate*, Rosa Canina Fruit Oil*, Paeonia Officinalis Flower Extract*, Sorghum Bicolor Stalk Juice*, Hydrolyzed Rice Protein*, Tocopheryl Acetate, Sorbitan Palmitate*, Sorbitan Oleate*, Carbomer, Triethanolamine, CI 14720, Sodium Sulfate*, Sodium Phytate*, Pentylene Glycol, Sodium Polystyrene Sulfonate, Parfum, Citric Acid, Methylpropanediol, Caprylyl Glycol, Polyquaternium-80, Didecyldimonium Chloride, Potassium Sorbate, Sodium Benzoate.
*składniki pochodzenia naturalnego",5.0,50.0,49.98,49.98,Floslek,0.0,"water *, caprylic,capric triglyceride *, butyrospermum parkii butter *, glycerin *, cetearyl olivate *, isopropyl myristate *, shea butter ethyl esters *, sorbitan olivate *, cetearyl alcohol *, cetyl palmitate *, rosa canina fruit oil *, paeonia officinalis flower extract *, sorghum bicolor stalk juice *, hydrolyzed rice protein *, tocopheryl acetate, sorbitan palmitate *, sorbitan oleate *, carbomer, triethanolamine, ci 14720, sodium sulfate *, sodium phytate *, pentylene glycol, sodium polystyrene sulfonate, parfum, citric acid, methylpropanediol, caprylyl glycol, polyquaternium-80, didecyldimonium chloride, potassium sorbate, sodium benzoate. 
 * składniki pochodzenia naturalnego"
Eveline Cosmetics Biohyaluron,"krem do twarzy 60+ na dzień i noc, 50 ml",6,16.19,25.99,/eveline-cosmetics-krem-do-twarzy-60-na-dzien-i-noc-50-ml-000000000000406808.html,Nawilżające,"Aqua (Water),Caprylic/Capric Triglyceride,Glycerin,Olus Oil,Triisostearin,Cetyl Alcohol,Glyceryl Stearate,Dimethicone,C10-18 Triglycerides,Bakuchiol,Camellia Japonica Seed Oil,Sodium Hyaluronate,Acacia Seyal Gum Extract,Inulin,Alpha-Glucan Oligosaccharide,Sodium Hyaluronate Crosspolymer,Hydrolyzed Glycosaminoglycans,Acetyl Hexapeptide-8,Polymnia Sonchifolia Root Juice,Hyaluronic Acid,Cichorium Intybus Leaf Extract,Lactobacillus,N-Prolyl Palmitoyl Tripeptide-56 Acetate,Phenoxyethanol,Maltodextrin,PEG-75 Stearate,Tocopheryl Acetate,Retinyl Palmitate,Pentylene Glycol,Ceteth-20,Steareth-20,Hydroxyacetophenone,Hexylene Glycol,Acrylates/C10-30 Alkyl Acrylate Crosspolymer,Triethanolamine,Ethylhexylglycerin,Cetearyl Alcohol,Sucrose Palmitate,Glyceryl Linoleate,Caprylyl Glycol,Potassium Sorbate,Xanthan Gum,Citric Acid,PEG-6 Caprylic/Capric Glycerides,Parfum (Fragrance)",4.7,50.0,51.98,32.38,Eveline Cosmetics,37.70681031165832,"water (water),caprylic,capric triglyceride, glycerin, olus oil, triisostearin, cetyl alcohol, glyceryl stearate, dimethicone, c10 - 18 triglycerides, bakuchiol, camellia japonica seed oil, sodium hyaluronate, acacia seyal gum extract, inulin, alpha - glucan oligosaccharide, sodium hyaluronate crosspolymer, hydrolyzed glycosaminoglycans, acetyl hexapeptide-8,polymnia sonchifolia root juice, hyaluronic acid, cichorium intybus leaf extract, lactobacillus, n - prolyl palmitoyl tripeptide-56 acetate, phenoxyethanol, maltodextrin, peg-75 stearate, tocopheryl acetate, retinyl palmitate, pentylene glycol, ceteth-20,steareth-20,hydroxyacetophenone, hexylene glycol, acrylates,c10 - 30 alkyl acrylate crosspolymer, triethanolamine, ethylhexylglycerin, cetearyl alcohol, sucrose palmitate, glyceryl linoleate, caprylyl glycol, potassium sorbate, xanthan gum, citric acid, peg-6 caprylic,capric glycerides, parfum (fragrance)"
Floslek Naczynka Pro,"przeciwzmarszczkowy krem do twarzy, 50 ml",8,26.99,26.99,/floslek-przeciwzmarszczkowy-krem-do-twarzy-50-ml-000000000000410656.html,przeciwzmarszczkowy,"Aqua*, Caprylic/Capric Triglyceride*, Ethylhexyl Stearate*, Glycerin*, Pentylene Glycol*, Dipropylene Glycol, Butyrospermum Parkii Butter*, Hydroxyethyl Acrylate/Sodium Acryloyldimethyl Taurate Copolymer, Cetearyl Alcohol*, Squalane*, Panthenol, Shea Butter Ethyl Esters*, Hydrolyzed Caesalpinia Spinosa Gum*, Caesalpinia Spinosa Gum*, Butylene Glycol, Palmitoyl Oligopeptide, Palmitoyl Tetrapeptide-7, Arnica Montana Flower Extract*, Arnica Chamissonis Flower Extract*, Aesculus Hippocastanum Seed Extract*, Malpighia Glabra Fruit Extract*, Sodium Ascorbyl Phosphate, Enteromorpha Compressa Extract*, Polysorbate 20, Polysorbate 60, Sorbitan Isostearate, Tocopheryl Acetate, Helianthus Annuus Seed Oil*, Cocos Nucifera Oil*, Linum Usitatissimum Seed Oil*, Persea Gratissima Oil*, Argania Spinosa Kernel Oil*, Macadamia Ternifolia Seed Oil*, Olea Europaea Fruit Oil*, Rosmarinus Officinalis Leaf Extract*, Allantoin, Troxerutin*, Lecithin*, Sorbitol*, Xanthan Gum*, Carbomer, Ethylhexylglycerin, Caprylhydroxamic Acid, Decylene Glycol, Sodium Phytate*, Disodium EDTA, Caprylyl Glycol, Glyceryl Caprylate, Potassium Sorbate, Sodium Benzoate, Citric Acid, Triethanolamine, Sodium Lactate, Phenoxyethanol.
*składniki pochodzenia naturalnego",4.8,50.0,53.98,53.98,Floslek,0.0,"water *, caprylic,capric triglyceride *, ethylhexyl stearate *, glycerin *, pentylene glycol *, dipropylene glycol, butyrospermum parkii butter *, hydroxyethyl acrylate,sodium acryloyldimethyl taurate copolymer, cetearyl alcohol *, squalane *, panthenol, shea butter ethyl esters *, hydrolyzed caesalpinia spinosa gum *, caesalpinia spinosa gum *, butylene glycol, palmitoyl oligopeptide, palmitoyl tetrapeptide-7, arnica montana flower extract *, arnica chamissonis flower extract *, aesculus hippocastanum seed extract *, malpighia glabra fruit extract *, sodium ascorbyl phosphate, enteromorpha compressa extract *, polysorbate 20, polysorbate 60, sorbitan isostearate, tocopheryl acetate, helianthus annuus seed oil *, cocos nucifera oil *, linum usitatissimum seed oil *, persea gratissima oil *, argania spinosa kernel oil *, macadamia ternifolia seed oil *, olea europaea fruit oil *, rosmarinus officinalis leaf extract *, allantoin, troxerutin *, lecithin *, sorbitol *, xanthan gum *, carbomer, ethylhexylglycerin, caprylhydroxamic acid, decylene glycol, sodium phytate *, disodium edta, caprylyl glycol, glyceryl caprylate, potassium sorbate, sodium benzoate, citric acid, triethanolamine, sodium lactate, phenoxyethanol. 
 * składniki pochodzenia naturalnego"
Dermika Neocollagen,"multikolagenowy krem wzmacniający do redukcji zmarszczek na dzień i noc 50+, 50 ml",5,69.99,69.99,/dermika-krem-do-twarzy-50-50ml-000000000000256626.html,Przeciwzmarszczkowe,"Aqua,Glycerin,Ethylhexyl Stearate,Macadamia Integrifolia Seed Oil,Squalane,Cetearyl Ethylhexanoate,Cetearyl Olivate,PEG-4 Olivate,Propylene Glycol,Sorbitan Olivate,Bertholletia Excelsa Seed Oil,Laminaria Ochroleuca Extract,Chlorella Vulgaris Extract,Tocopherol,Enantia Chlorantha Bark Extract,Ascorbyl Palmitate,Palmitoyl Dipeptide-5 Diaminobutyroyl Hydroxythreonine,Palmitoyl Tripeptide-5,Tetradecyl Aminobutyroylvalylaminobutyric Urea Trifluoroacetate,Ascorbic Acid,Oleanolic Acid,Butylene Glycol,Caprylic/Capric Triglyceride,Dimethicone,Carbomer,Disodium EDTA,Sodium Hydroxide,PEG-8,Magnesium Chloride,Citric Acid,Diazolidinyl Urea,Methylparaben,Propylparaben,Phenoxyethanol,Parfum,Benzyl Salicylate,Linalool,Hexyl Cinnamal,Limonene,Hydroxycitronellal,Geraniol,Citronellol,Alpha Isomethyl Ionone",5.0,50.0,139.98,139.98,Dermika,0.0,"water, glycerin, ethylhexyl stearate, macadamia integrifolia seed oil, squalane, cetearyl ethylhexanoate, cetearyl olivate, peg-4 olivate, propylene glycol, sorbitan olivate, bertholletia excelsa seed oil, laminaria ochroleuca extract, chlorella vulgaris extract, tocopherol, enantia chlorantha bark extract, ascorbyl palmitate, palmitoyl dipeptide-5 diaminobutyroyl hydroxythreonine, palmitoyl tripeptide-5,tetradecyl aminobutyroylvalylaminobutyric urea trifluoroacetate, ascorbic acid, oleanolic acid, butylene glycol, caprylic,capric triglyceride, dimethicone, carbomer, disodium edta, sodium hydroxide, peg-8,magnesium chloride, citric acid, diazolidinyl urea, methylparaben, propylparaben, phenoxyethanol, parfum, benzyl salicylate, linalool, hexyl cinnamal, limonene, hydroxycitronellal, geraniol, citronellol, alpha isomethyl ionone"
Nivea Creme,"krem uniwersalny, 150 ml",13,13.29,13.99,/nivea-krem-uniwersalny-150-ml-000000000000218682.html,Nawilżające,"Aqua,Paraffinum Liquidum,Cera Microcristallina,Glycerin,Lanolin Alcohol (Eucerit),Paraffin,Panthenol,Decyl Oleate,Octyldodecanol,Aluminum Stearates,Citric Acid,Magnesium Sulfate,Magnesium Stearate,Parfum,Limonene,Geraniol,Hydroxycitronellal,Linalool,Citronellol,Benzyl Benzoate,Cinnamyl Alcohol",4.6,150.0,9.33,8.86,Nivea,5.003573981415304,"water, paraffinum liquidum, cera microcristallina, glycerin, lanolin alcohol (eucerit),paraffin, panthenol, decyl oleate, octyldodecanol, aluminum stearates, citric acid, magnesium sulfate, magnesium stearate, parfum, limonene, geraniol, hydroxycitronellal, linalool, citronellol, benzyl benzoate, cinnamyl alcohol"
Tołpa Pre Age,"regenerujący krem do twarzy na noc, 50 ml",6,37.99,37.99,/tolpa-regenerujacy-krem-do-twarzy-na-noc-50-ml-000000000000413452.html,regenerujący,"Aqua, Glycerin, Coco-Caprylate, Cetearyl Olivate, Hydroxypropyl Starch Phosphate, Cetearyl Alcohol, Sorbitan Olivate, Peat Extract, Panax Ginseng Root Extract, Lavandula Stoechas Extract, Amethyst Powder, Tocopherol, Propylene Glycol, Caprylic/Capric Triglyceride, Xanthan Gum, Lactic Acid, Sodium Phytate, Parfum, Triethyl Citrate, Glyceryl Caprylate, Sodium Benzoate, Potassium Sorbate, Methylpropanediol, Benzoic Acid, Caprylyl Glycol.",3.4,50.0,75.98,75.98,Tołpa,0.0,"water, glycerin, coco - caprylate, cetearyl olivate, hydroxypropyl starch phosphate, cetearyl alcohol, sorbitan olivate, peat extract, panax ginseng root extract, lavandula stoechas extract, amethyst powder, tocopherol, propylene glycol, caprylic,capric triglyceride, xanthan gum, lactic acid, sodium phytate, parfum, triethyl citrate, glyceryl caprylate, sodium benzoate, potassium sorbate, methylpropanediol, benzoic acid, caprylyl glycol."
Skin79 Waterproof Sun Gel UV,"lekki krem przeciwsłoneczny do twarzy z SPF50 PA++++, 50 ml",323,64.99,64.99,/skin79-lekki-krem-przeciwsloneczny-do-twarzy-z-spf50-pa-50-ml-000000000000308192.html,ochrona UV,"Water,Ethylhexyl Methoxycinnamate,Ethylhexyl Salicylate,Homosalate,Propanediol,Diethylamino Hydroxybenzoyl Hexyl Benzoate,Bis-Ethylhexyloxyphenol Methoxyphenyl Triazine,Pentylene Glycol,1,2-Hexanediol,Ammonium Acryloyldimethyl taurate/VP copolymer,Octyldodecanol,Dimethicone,Phenoxyethanol,Glyceryl Stearate,Fragrance (Limonene, Linalool, Citronellol, Citral, Hydroxycitronellal),Acrylates/C10-30 Alkyl Acrylate Crosspolymer,Tromethamine,Polyglyceryl-3 Methylglucose Distearate,Polysorbate 20,PEG-100 Stearate,Helianthus Annuus (Sunflower) Seed Oil,Calendula Officinalis Flower Extract,Houttuynia Cordata Extract,Aloe Barbadensis Leaf Water,Centella Asiatica Extract,Chamomilla Recutita (Matricaria) Flower Extract,Butylene Glycol,Caprylyl Glycol",4.7,50.0,129.98,129.98,Skin79,0.0,"water, ethylhexyl methoxycinnamate, ethylhexyl salicylate, homosalate, propanediol, diethylamino hydroxybenzoyl hexyl benzoate, bis - ethylhexyloxyphenol methoxyphenyl triazine, pentylene glycol,1,2 - hexanediol, ammonium acryloyldimethyl taurate,vp copolymer, octyldodecanol, dimethicone, phenoxyethanol, glyceryl stearate, fragrance ( limonene, linalool, citronellol, citral, hydroxycitronellal),acrylates,c10 - 30 alkyl acrylate crosspolymer, tromethamine, polyglyceryl-3 methylglucose distearate, polysorbate 20,peg-100 stearate, helianthus annuus (sunflower) seed oil, calendula officinalis flower extract, houttuynia cordata extract, aloe barbadensis leaf water, centella asiatica extract, chamomilla recutita (matricaria) flower extract, butylene glycol, caprylyl glycol"
Yasumi Rice,"odżywczy krem do twarzy na dzień i noc, 50 ml",29,62.99,89.99,/yasumi-krem-do-twarzy-50ml-000000000000300028.html,odżywczy,"AQUA (WATER), OCTYLDODECANOL, DECYL OLEATE, GLYCERIN, CETEARYL ALCOHOL, GLYCERYL STEARATE, ORYZA SATIVA (RICE) POWDER, COCO-CAPRYLATE, CETEARETH-20, MICROCRYSTALLINE CELLULOSE, ORYZA SATIVA (RICE) BRAN OIL, PRUNUS AMYGDALUS DULCIS (SWEET ALMOND) OIL, SIMMONDSIA CHINENSIS (JOJOBA) SEED OIL, CETEARETH-12, PHENOXYETHANOL, DIMETHICONE, POLYACRYLATE-13, DISODIUM EDTA, CELLULOSE GUM, POLYISOBUTENE, CAPRYLYL GLYCOL, XANTHAN GUM, CHLORPHENESIN, VITIS VINIFERA (GRAPE) FRUIT EXTRACT, TOCOPHERYL ACETATE, PARFUM (FRAGRANCE), SODIUM HYDROXIDE, SODIUM METABISULFITE, SODIUM SULFITE, BUTYLENE GLYCOL, MORUS ALBA ROOT EXTRACT, POLYSORBATE 20, SCUTELLARIA BAICALENSIS ROOT EXTRACT, SORBITAN ISOSTEARATE, SAXIFRAGA SARMENTOSA EXTRACT, TOCOPHEROL, HYDROGENATED PALM GLYCERIDES CITRATE, HELIANTHUS ANNUUS (SUNFLOWER) SEED OIL, BENZYL BENZOATE, COUMARIN.",3.8,50.0,179.98,125.98,Yasumi,30.003333703744854,"water (water), octyldodecanol, decyl oleate, glycerin, cetearyl alcohol, glyceryl stearate, oryza sativa (rice) powder, coco - caprylate, ceteareth-20, microcrystalline cellulose, oryza sativa (rice) bran oil, prunus amygdalus dulcis (sweetalmond) oil, simmondsia chinensis (jojoba) seed oil, ceteareth-12, phenoxyethanol, dimethicone, polyacrylate-13, disodium edta, cellulose gum, polyisobutene, caprylyl glycol, xanthan gum, chlorphenesin, vitis vinifera (grape) fruit extract, tocopheryl acetate, parfum (fragrance), sodium hydroxide, sodium metabisulfite, sodium sulfite, butylene glycol, morus alba root extract, polysorbate 20, scutellaria baicalensis root extract, sorbitan isostearate, saxifraga sarmentosa extract, tocopherol, hydrogenate palm glycerides citrate, helianthus annuus (sunflower) seed oil, benzyl benzoate, coumarin."
Orientana,"bogaty krem do twarzy z kurkumą, 30 g",16,24.49,34.99,/orientana-bogaty-krem-do-twarzy-z-kurkuma-30-g-000000000000361010.html,"Antybakteryjne,
Nawilżające,
Odżywcze,
Przeciwstarzeniowe,
Regenerujące","Aqua, Curcuma Longa Rhizome Extract, Glyceryl Stearate Se, Butyrospermum Parkii Butter, Stearic Acid, Prunus Amygdalus Dulcis Oil, Sesamum Indicum Seed Oil, Aloe Barbadensis Extract, Glyceryl Caprylate, Cetyl Alcohol, Beeswax, Isopropyl Myristate, Vitis Vinifera Oil, Withania Somnifera Flower Extract, Symphytum Officinale Leaf Extract, Rosa Damascena Flower Oil, Theobroma Cacao Butter, Garcinia Indica Seed Butter, Triticum Vulgare Germ Oil, Simmondsia Chinensis Seed Oil, Glycyrrhiza Glabra Root Extract, Tocopherol, Santalum Album Oil, Daucus Carota Sativa Seed Oil, Citric Acid, Sodium Benzoate, Potassium Sorbate.",4.3,30.0,116.63,81.63,Orientana,30.00857387825094,"water, curcuma longa rhizome extract, glyceryl stearate se, butyrospermum parkii butter, stearic acid, prunus amygdalus dulcis oil, sesamum indicum seed oil, aloe barbadensis extract, glyceryl caprylate, cetyl alcohol, beeswax, isopropyl myristate, vitis vinifera oil, withania somnifera flower extract, symphytum officinale leaf extract, rosa damascena flower oil, theobroma cacao butter, garcinia indica seed butter, triticum vulgare germ oil, simmondsia chinensis seed oil, glycyrrhiza glabra root extract, tocopherol, santalum album oil, daucus carota sativa seed oil, citric acid, sodium benzoate, potassium sorbate."
Cliv,"nawadniający krem do twarzy, 50 ml",14,139.99,139.99,/cliv-nawadniajacy-krem-do-twarzy-50-ml-000000000000420807.html,nawilżający,"AQUA, GLYCERIN, CETYL ETHYLHEXANOATE, BUTYLENE GLYCOL, DIPROPYLENE GLYCOL, CAPRYLIC/CAPRIC TRIGLYCERIDE, HYDROGENATED POLYDECENE, CETEARYL ALCOHOL, NIACINAMIDE, 1,2-HEXANEDIOL, C14-22 ALCOHOLS, MICROCRYSTALLINE WAX, PANTHENOL, GLYCERYL STEARATE, POLYGLYCERYL-2 STEARATE, BUTYROSPERMUM PARKII BUTTER, HYDROXYACETOPHENONE, VINYL DIMETHICONE, C12-20 ALKYL GLUCOSIDE, POLYACRYLATE-13, BETAINE, DIISOSTEARYL MALATE, STEARYL ALCOHOL, TREHALOSE, POLYISOBUTENE, HYDROGENATED LECITHIN, HYDROXYETHYLCELLULOSE, ADENOSINE, POLYSORBATE 20, HYALURONIC ACID, SORBITAN ISOSTEARATE, CHENOPODIUM QUINOA SEED EXTRACT, CERATONIA SILIQUA FRUIT EXTRACT, LENS ESCULENTA FRUIT EXTRACT, NELUMBO NUCIFERA SEED EXTRACT, CENTELLA ASIATICA EXTRACT, CHAMOMILLA RECUTITA FLOWER EXTRACT, ALOE BARBADENSIS LEAF EXTRACT, EUCALYPTUS GLOBULUS LEAF EXTRACT, MENTHA PIPERITA LEAF EXTRACT, GLUCOSE, SODIUM HYALURONATE, PARFUM, LACTOCOCCUS FERMENT LYSATE, BIFIDA FERMENT LYSATE, LACTOBACILLUS FERMENT LYSATE, AVENA SATIVA KERNEL EXTRACT, COIX LACRYMAJOBI MA-YUEN SEED EXTRACT, GLYCINE MAX SEED EXTRACT, ORYZA SATIVA EXTRACT, PHASEOLUS RADIATUS SEED EXTRACT, ASIATICOSIDE, MADECASSIC ACID, ASIATIC ACID, BETULA ALBA JUICE, MACADAMIA TERNIFOLIA SEED OIL, DIMETHICONE, CARNOSINE, ETHYLHEXYLGLYCERIN, BRASSICA CAMPESTRIS STEROLS, CALENDULA OFFICINALIS EXTRACT, CAMELLIA SINENSIS LEAF EXTRACT, HYDROXYPROPYLTRIMONIUM HYALURONATE, MELALEUCA ALTERNIFOLIA LEAF EXTRACT, OENOTHERA BIENNIS FLOWER EXTRACT, PORTULACA OLERACEA EXTRACT, SPIRULINA PLATENSIS EXTRACT, GLECHOMA HEDERACEA EXTRACT, POLYGLUTAMIC ACID, CERAMIDE NP, CHOLESTEROL, OLEIC ACID, STEARIC ACID, ACETYL HEXAPEPTIDE-8, COPPER TRIPEPTIDE-1, GLUTATHIONE, HYDROLYZED HYALURONIC ACID, SODIUM ACETYLATED HYALURONATE, TOCOPHERYL ACETATE, OLIGOPEPTIDE-29, OLIGOPEPTIDE-32, HYDROLYZED SODIUM HYALURONATE, SODIUM HYALURONATE CROSSPOLYMER, POTASSIUM HYALURONATE",4.9,50.0,279.98,279.98,Cliv,0.0,"water, glycerin, cetyl ethylhexanoate, butylene glycol, dipropylene glycol, caprylic,capric triglyceride, hydrogenated polydecene, cetearyl alcohol, niacinamide, 1,2 - hexanediol, c14 - 22 alcohols, microcrystalline wax, panthenol, glyceryl stearate, polyglyceryl-2 stearate, butyrospermum parkii butter, hydroxyacetophenone, vinyl dimethicone, c12 - 20 alkyl glucoside, polyacrylate-13, betaine, diisostearyl malate, stearyl alcohol, trehalose, polyisobutene, hydrogenated lecithin, hydroxyethylcellulose, adenosine, polysorbate 20, hyaluronic acid, sorbitan isostearate, chenopodium quinoa seed extract, ceratonia siliqua fruit extract, lens esculenta fruit extract, nelumbo nucifera seed extract, centella asiatica extract, chamomilla recutita flower extract, aloe barbadensis leaf extract, eucalyptus globulus leaf extract, mentha piperita leaf extract, glucose, sodium hyaluronate, parfum, lactococcus ferment lysate, bifida ferment lysate, lactobacillus ferment lysate, avena sativa kernel extract, coix lacrymajobi ma - yuen seed extract, glycine max seed extract, oryza sativa extract, phaseolus radiatus seed extract, asiaticoside, madecassic acid, asiatic acid, betula alba juice, macadamia ternifolia seed oil, dimethicone, carnosine, ethylhexylglycerin, brassica campestris sterols, calendula officinalis extract, camellia sinensis leaf extract, hydroxypropyltrimonium hyaluronate, melaleuca alternifolia leaf extract, oenothera biennis flower extract, portulaca oleracea extract, spirulina platensis extract, glechoma hederacea extract, polyglutamic acid, ceramide np, cholesterol, oleic acid, stearic acid, acetyl hexapeptide-8, copper tripeptide-1, glutathione, hydrolyzed hyaluronic acid, sodium acetylated hyaluronate, tocopheryl acetate, oligopeptide-29, oligopeptide-32, hydrolyzed sodium hyaluronate, sodium hyaluronate crosspolymer, potassium hyaluronate"
Ziaja Kozie Mleko,"odżywczo-wygładzający krem do cery suchej i skłonnej do zmarszczek na dzień i noc, 50 ml",15,9.79,9.79,/ziaja-odzywczo-wygladzajacy-krem-do-cery-suchej-i-sklonnej-do-zmarszczek-na-dzien-i-noc-50-ml-000000000000215290.html,odżywczy,"Aqua (Water),Cetearyl Ethylhexanoate,Glycerin,Diisostearoyl Polyglyceryl-3 Dimer Dilinoleate,Hydrogenated Coco-Glycerides,Tocopheryl Acetate,Propylene Glycol,Lactobacillus/Milk Solids/Glycine Soja (Soybean) Oil Ferment,Cyclodextrin,Goat Milk Extract,Retinyl Palmitate,Cera Alba (Beeswax),Magnesium Sulfate,Hydrogenated Castor Oil,Sodium Benzoate,Parfum (Fragrance),Linalool,Citronellol,Hexyl Cinnamal,Geraniol,Eugenol,Alpha-Isomethyl Ionone,Coumarin,Limonene",4.8,50.0,19.58,19.58,Ziaja,0.0,"water (water),cetearyl ethylhexanoate, glycerin, diisostearoyl polyglyceryl-3 dimer dilinoleate, hydrogenated coco - glycerides, tocopheryl acetate, propylene glycol, lactobacillus,milk solids,glycine soja (soybean) oil ferment, cyclodextrin, goat milk extract, retinyl palmitate, cera alba (beeswax),magnesium sulfate, hydrogenated castor oil, sodium benzoate, parfum (fragrance),linalool, citronellol, hexyl cinnamal, geraniol, eugenol, alpha - isomethyl ionone, coumarin, limonene"
Teaology Matcha Tea,"ujędrniający krem do twarzy i szyi, 50 ml",92,99.99,159.99,/teaology-ujedrniajacy-krem-do-twarzy-i-szyi-50-ml-000000000000306228.html,ujędrniający,"AQUA (*), COCO-CAPRYLATE/CAPRATE, DICAPRYLYL CARBONATE, CETEARYL ALCOHOL, CETEARYL GLUCOSIDE, DIMETHICONE, GLYCERYL STEARATE, DICAPRYLYL ETHER, ISOSTEARYL ISOSTEARATE, BUTYLENE GLYCOL COCOATE, BUTYROSPERMUM PARKII BUTTER, GLYCERIN, OLUS OIL, CAMELLIA SINENSIS LEAF (*), SCLEROCARYA BIRREA SEED OIL, TOCOPHERYL ACETATE, PULLULAN, SACCHARIDE ISOMERATE, MAGNESIUM ASCORBYL PHOSPHATE, SODIUM HYALURONATE, ASCORBYL PALMITATE, CERA ALBA, NANNOCHLOROPSIS OCULATA EXTRACT, ETHYLHEXYLGLYCERIN, RETINYL PALMITATE, GLUCOMANNAN, LECITHIN, TOCOPHEROL, MICA, ETHYLHEXYL PALMITATE, PARFUM, PHENOXYETHANOL, PEG-100 STEARATE, HDI/TRIMETHYLOL HEXYLLACTONE CROSSPOLYMER, POLYMETHYLSILSESQUIOXANE, BENZOPHENONE-4, CAMELLIA SINENSIS LEAF EXTRACT, UNDECYLENIC ACID, SODIUM PHYTATE, CAMELINA SATIVA SEED OIL, CITRULLUS LANATUS FRUIT EXTRACT, LENS ESCULENTA FRUIT EXTRACT, PYRUS MALUS FRUIT EXTRACT, CI 77492, TITANIUM DIOXIDE, TRIHYDROXYSTEARIN, PROPANEDIOL, SODIUM LACTATE, SODIUM PCA, CITRIC ACID, CITRAL, GERANIOL, HEXYL CINNAMAL, LIMONENE, LINALOOL, (*) tea infusion",4.5,50.0,319.98,199.98,Teaology,37.50234389649354,"water (*), coco - caprylate,caprate, dicaprylyl carbonate, cetearyl alcohol, cetearyl glucoside, dimethicone, glyceryl stearate, dicaprylyl ether, isostearyl isostearate, butylene glycol cocoate, butyrospermum parkii butter, glycerin, olus oil, camellia sinensis leaf (*), sclerocarya birrea seed oil, tocopheryl acetate, pullulan, saccharide isomerate, magnesium ascorbyl phosphate, sodium hyaluronate, ascorbyl palmitate, cera alba, nannochloropsis oculata extract, ethylhexylglycerin, retinyl palmitate, glucomannan, lecithin, tocopherol, mica, ethylhexyl palmitate, parfum, phenoxyethanol, peg-100 stearate, hdi,trimethylol hexyllactone crosspolymer, polymethylsilsesquioxane, benzophenone-4, camellia sinensis leaf extract, undecylenic acid, sodium phytate, camelina sativa seed oil, citrullus lanatus fruit extract, lens esculenta fruit extract, pyrus malus fruit extract, ci 77492, titanium dioxide, trihydroxystearin, propanediol, sodium lactate, sodium pca, citric acid, citral, geraniol, hexyl cinnamal, limonene, linalool, (*) tea infusion"
Janda My Clinic Kriology,"krem na dobranoc do twarzy 50+, 50 ml",6,45.49,64.99,/janda-krem-na-dobranoc-do-twarzy-50-50-ml-000000000000415208.html,"Odżywcze,
Rozświetlające,
Wygładzające","AQUA/WATER, NIACINAMIDE, GLYCERIN, HYDROGENATED POLYDECENE, CAPRYLIC/CAPRIC TRIGLYCERIDE, ETHYLHEXYL PALMITATE, GLYCERYL STEARATE, CETEARYL ALCOHOL, DIMETHICONE, SQUALANE, DECYL COCOATE, ARGANIA SPINOSA KERNEL OIL, PEG-100 STEARATE, OPUNTIA FICUS-INDICA SEED OIL, CELLULOSE, DIMETHYL ISOSORBIDE, CALANTHE DISCOLOR EXTRACT, AQUA/WATER (SWISS GLACIER WATER), ACETYL SH-PENTAPEPTIDE-35, DIAMOND POWDER, TOCOPHEROL, GLUCONOLACTONE, ASCORBYL PALMITATE, ASCORBIC ACID, PRUNUS AMYGDALUS (SWEET ALMOND) DULCIS OIL, TOCOPHERYL ACETATE, PROPANEDIOL, SODIUM ACRYLATE/SODIUM ACRYLOYLDIMETHYL TAURATE COPOLYMER, CETEARETH-20, ISOHEXADECANE, XANTHAN GUM, CETEARYL DIMETHICONE CROSSPOLYMER, C30-45 ALKYL DIMETHICONE, DIETHYLHEXYL SYRINGYLIDENEMALONATE, BEESWAX, SORBITAN OLEATE, PEG-8, LECITHIN, CALCIUM GLUCONATE, GLYCERYL CAPRYLATE, ALCOHOL, POLYSORBATE 80, POLYSORBATE 20, CITRIC ACID, DISODIUM EDTA, TRIETHANOLAMINE, PARFUM/FRAGRANCE, PHENOXYETHANOL, ETHYLHEXYLGLYCERIN, SODIUM BENZOATE, BENZYL ALCOHOL, BENZOIC ACID, BENZYL SALICYLATE, CITRONELLOL, LIMONENE, LINALOOL, ALPHA-ISOMETHYL IONONE",5.0,50.0,129.98,90.98,Janda,30.004616094783803,"water,water, niacinamide, glycerin, hydrogenated polydecene, caprylic,capric triglyceride, ethylhexyl palmitate, glyceryl stearate, cetearyl alcohol, dimethicone, squalane, decyl cocoate, argania spinosa kernel oil, peg-100 stearate, opuntia ficus - indica seed oil, cellulose, dimethyl isosorbide, calanthe discolor extract, water,water (swissglacierwater), acetyl sh - pentapeptide-35, diamond powder, tocopherol, gluconolactone, ascorbyl palmitate, ascorbic acid, prunus amygdalus (sweetalmond) dulcis oil, tocopheryl acetate, propanediol, sodium acrylate,sodium acryloyldimethyl taurate copolymer, ceteareth-20, isohexadecane, xanthan gum, cetearyl dimethicone crosspolymer, c30 - 45 alkyl dimethicone, diethylhexyl syringylidenemalonate, beeswax, sorbitan oleate, peg-8, lecithin, calcium gluconate, glyceryl caprylate, alcohol, polysorbate 80, polysorbate 20, citric acid, disodium edta, triethanolamine, parfum,fragrance, phenoxyethanol, ethylhexylglycerin, sodium benzoate, benzyl alcohol, benzoic acid, benzyl salicylate, citronellol, limonene, linalool, alpha - isomethyl ionone"
La Roche-Posay Toleriane Rosaliac,"nawilżający krem do twarzy z SPF30, 50 ml",5,95.99,119.99,/la-roche-posay-nawilzajacy-krem-do-twarzy-z-spf30-50-ml-000000000000447708.html,nawilżający,AQUA / WATER • DROMETRIZOLE TRISILOXANE • ALCOHOL DENAT. • ISOPROPYL MYRISTATE • ETHYLHEXYL TRIAZONE • ISONONYL ISONONANOATE • PROPYLENE GLYCOL DICAPRYLATE/DICAPRATE • GLYCERIN • PROPANEDIOL • ISOPROPYL LAUROYL SARCOSINATE • BIS-ETHYLHEXYLOXYPHENOL METHOXYPHENYL TRIAZINE • DIISOPROPYL SEBACATE • BUTYL METHOXYDIBENZOYLMETHANE • CETEARYL ALCOHOL • ZEA MAYS STARCH / CORN STARCH • SILICA • ACRYLATES/C10-30 ALKYL ACRYLATE CROSSPOLYMER • AMMONIUM ACRYLOYLDIMETHYLTAURATE/VP COPOLYMER • CAPRYLYL GLYCOL • CARBOMER • CETEARYL GLUCOSIDE • HYDROXYACETOPHENONE • INULIN LAURYL CARBAMATE • PEG-10 DIMETHICONE • PEG-20 • POTASSIUM HYDROXIDE • SODIUM STEAROYL GLUTAMATE • SPHINGOMONAS FERMENT EXTRACT • T-BUTYL ALCOHOL • TOCOPHEROL • TRISODIUM ETHYLENEDIAMINE DISUCCINATE (F.I.L. Z298528/2).,5.0,50.0,239.98,191.98,La Roche-Posay,20.00166680556713,",,drometrizole trisiloxane,alcohol denat.,isopropyl myristate,ethylhexyl triazone,isononyl isononanoate,propylene glycol dicaprylate,dicaprate,glycerin,propanediol,isopropyl lauroyl sarcosinate,bis - ethylhexyloxyphenol methoxyphenyl triazine,diisopropyl sebacate,butyl methoxydibenzoylmethane,cetearyl alcohol,zea mays starch,corn starch,silica,acrylates,c10 - 30 alkyl acrylate crosspolymer,ammonium acryloyldimethyltaurate,vp copolymer,caprylyl glycol,carbomer,cetearyl glucoside,hydroxyacetophenone,inulin lauryl carbamate,peg-10 dimethicone,peg-20,potassium hydroxide,sodium stearoyl glutamate,sphingomonas ferment extract,t - butyl alcohol,tocopherol,trisodium ethylenediamine disuccinate f.i.l.z298528/2."
Yasumi Liquid Dream,"nawilżający krem z kwasem hialuronowym do twarzy, 50 ml",7,111.99,159.99,/yasumi-nawilzajacy-krem-z-kwasem-hialuronowym-do-twarzy-50-ml-000000000000384077.html,nawilżający,"AQUA, DECYL COCOATE, ISOAMYL COCOATE, ISOSTEARYL ISOSTEARATE, GLYCERIN, C13-15 ALKANE, CETEARYL ALCOHOL, CETYL ESTERS, GLYCERYL STEARATE CITRATE, MYRISTYL MYRISTATE, MACROCYSTIS PYRIFERA EXTRACT, CUCUMIS SATIVUS FRUIT EXTRACT, SUCCINOGLYCAN, HYALURONIC ACID, SODIUM HYALURONATE, HELIANTHUS ANNUUS SEED OIL, TOCOPHEROL, PHENOXYETHANOL, ETHYLHEXYLGLYCERIN, SODIUM BENZOATE, POTASSIUM SORBATE, SODIUM HYDROXIDE,PARFUM",5.0,50.0,319.98,223.98,Yasumi,30.00187511719483,"water, decyl cocoate, isoamyl cocoate, isostearyl isostearate, glycerin, c13 - 15 alkane, cetearyl alcohol, cetyl ester, glyceryl stearate citrate, myristyl myristate, macrocystis pyrifera extract, cucumis sativu fruit extract, succinoglycan, hyaluronic acid, sodium hyaluronate, helianthus annuus seed oil, tocopherol, phenoxyethanol, ethylhexylglycerin, sodium benzoate, potassium sorbate, sodium hydroxide, parfum"
Mediheal,"żel do twarzy i ciała, 255 ml",39,39.99,39.99,/mediheal-zel-do-twarzy-i-ciala-255-ml-000000000000379416.html,"Nawilżające,
Wygładzające","Bifida Ferment Filtrate, Glycerin, Alcohol, Butylene Glycol, Sodium Hyaluronate, Aloe Barbadensis Leaf Extract, Glycyrrhiza Glabra (Licorice) Root Powder, Water, Bambusa Vulgaris Leaf Extract, Hamamelis Virginiana (Witch Hazel) Bark/Leaf/Twig Extract, Spirulina Platensis Extract, Portulaca Oleracea Extract, Punica Granatum Fruit Extract, Ficus Carica (Fig) Fruit Extract, Morus Alba Fruit Extract, Ginkgo Biloba Nut Extract, Camellia Sinensis Leaf Extract, Adansonia Digitata Seed Extract, Beta-Glucan, Illicium Verum (Anise) Fruit Extract, Panthenol, Carbomer, Polysorbate 20, Sodium PCA, Chitosan PCA, Tocopheryl Acetate, Ceramide NP (Ceramide 3), Silk Amino Acids, Triethanolamine, 1,2-Hexanediol, Phenoxyethanol, Chlorphenesin, Disodium EDTA, Caprylyl Glycol, Citrus Aurantium Bergamia (Bergamot) Fruit Oil",4.7,255.0,15.68,15.68,Mediheal,0.0,"bifida ferment filtrate, glycerin, alcohol, butylene glycol, sodium hyaluronate, aloe barbadensis leaf extract, glycyrrhiza glabra (licorice) root powder, water, bambusa vulgaris leaf extract, hamamelis virginiana (witchhazel) bark,leaf,twig extract, spirulina platensis extract, portulaca oleracea extract, punica granatum fruit extract, ficus carica (fig) fruit extract, morus alba fruit extract, ginkgo biloba nut extract, camellia sinensis leaf extract, adansonia digitata seed extract, beta - glucan, illicium verum (anise) fruit extract, panthenol, carbomer, polysorbate 20, sodium pca, chitosan pca, tocopheryl acetate, ceramide np (ceramide3), silk amino acids, triethanolamine, 1,2 - hexanediol, phenoxyethanol, chlorphenesin, disodium edta, caprylyl glycol, citrus aurantium bergamia (bergamot) fruit oil"
Eveline Cosmetics Royal Snail,"skoncentrowany krem pod oczy i na powieki intensywnie liftingujący 50+/70+, 20 ml",26,28.99,28.99,/eveline-70-krem-przeciwzmarszczkowy-20ml-000000000000352181.html,Liftingujące,"Aqua (Water),Snail Secretion Filtrate,Glycerin,Isopropyl Myristate,Cetearyl Alcohol,Ceteareth-20,Dimethicone,Butyrospermum Parkii Butter,Persea Gratissima Oil,Argania Spinosa Kernel Oil,Olus Oil,Centella Asiatica Leaf Extract,Pullulan,Caffeine,Adenosine,Magnesium PCA,Ceramide NP,Linoleic Acid,Carnosine,Retinyl Palmitate,Heptapeptide-7,N-Prolyl Palmitoyl Tripeptide-56 Acetate,Tocopheryl Acetate,Ceramide AP,Phytosphingosine,Cholesterol,Ceramide EOP,Sodium Lauroyl Lactylate,Diacetyl Boldine,Laureth-7,Lecithin,Caprylyl Glycol,Butylene Glycol,C13-14 Isoparaffin,Caprylic/Capric Triglyceride,Pentylene Glycol,Polysorbate 20,Sodium Citrate,Citric Acid,PEG-20 Glyceryl Laurate,Propanediol,Diethylhexyl Syringylidenemalonate,Polyacrylamide,Sodium Polyacrylate,Phenoxyethanol,Ethylhexylglycerin,Hydroxyacetophenone,Sodium Benzoate,Potassium Sorbate,Triethanolamine,Acrylates/C10-30 Alkyl Acrylate Crosspolymer,Xanthan Gum,Carbomer,Mica,Titanium Dioxide.",4.4,20.0,144.95,144.95,Eveline Cosmetics,0.0,"water (water),snail secretion filtrate, glycerin, isopropyl myristate, cetearyl alcohol, ceteareth-20,dimethicone, butyrospermum parkii butter, persea gratissima oil, argania spinosa kernel oil, olus oil, centella asiatica leaf extract, pullulan, caffeine, adenosine, magnesium pca, ceramide np, linoleic acid, carnosine, retinyl palmitate, heptapeptide-7,n - prolyl palmitoyl tripeptide-56 acetate, tocopheryl acetate, ceramide ap, phytosphingosine, cholesterol, ceramide eop, sodium lauroyl lactylate, diacetyl boldine, laureth-7,lecithin, caprylyl glycol, butylene glycol, c13 - 14 isoparaffin, caprylic,capric triglyceride, pentylene glycol, polysorbate 20,sodium citrate, citric acid, peg-20 glyceryl laurate, propanediol, diethylhexyl syringylidenemalonate, polyacrylamide, sodium polyacrylate, phenoxyethanol, ethylhexylglycerin, hydroxyacetophenone, sodium benzoate, potassium sorbate, triethanolamine, acrylates,c10 - 30 alkyl acrylate crosspolymer, xanthan gum, carbomer, mica, titanium dioxide."
Delia My Cream,"baza do kremu do twarzy medium, 40 ml",8,19.99,19.99,/delia-baza-do-kremu-do-twarzy-medium-40-ml-000000000000380342.html,Odżywcze,"Aqua,Cannabis Sativa Seed Oil,Tripelargonin,Caprylic/Capric Triglyceride,Glycerin,Cetearyl Alcohol,Distarch Phosphate,Hydrogenated Coco-Glycerides,Glyceryl Stearate Citrate,Myristyl Myristate,Oryza Sativa Bran Wax,1,2-Hexanediol,Caprylyl Glycol,Hydroxyacetophenone,Parfum,Acrylates/C10-30 Alkyl Acrylate Crosspolymer,Xanthan Gum,Tocopherol,Beta-Sitosterol,Squalene,Glycine Soja Oil,Sodium Hydroxide",4.9,40.0,49.97,49.97,Delia,0.0,"water, cannabis sativa seed oil, tripelargonin, caprylic,capric triglyceride, glycerin, cetearyl alcohol, distarch phosphate, hydrogenated coco - glycerides, glyceryl stearate citrate, myristyl myristate, oryza sativa bran wax,1,2 - hexanediol, caprylyl glycol, hydroxyacetophenone, parfum, acrylates,c10 - 30 alkyl acrylate crosspolymer, xanthan gum, tocopherol, beta - sitosterol, squalene, glycine soja oil, sodium hydroxide"
Nacomi Dermo,"krem do twarzy na trądzik, 50 ml",37,21.59,35.99,/nacomi-krem-do-twarzy-na-tradzik-50-ml-000000000000424296.html,Seboregulujące,"INCI: Aqua, Niacinamide, Propanediol, Glycerin, Coco-Caprylate/Caprate, Propylheptyl Caprylate, Trehalose, Sodium Polyacrylate, Bisabolol, Glycyrrhetinic acid, Allantoin, Hexamidine Diisethionate, Biosaccharide gum-1, Lactic Acid, Tocopherol, Glycine Soja Oil, Tocopheryl Acetate, Maltodextrin, Parfum, Dehydroacetic Acid, Benzyl Alcohol.",4.5,50.0,71.98,43.18,Nacomi,40.01111419838844,"inci: water, niacinamide, propanediol, glycerin, coco - caprylate,caprate, propylheptyl caprylate, trehalose, sodium polyacrylate, bisabolol, glycyrrhetinic acid, allantoin, hexamidine diisethionate, biosaccharide gum-1, lactic acid, tocopherol, glycine soja oil, tocopheryl acetate, maltodextrin, parfum, dehydroacetic acid, benzyl alcohol."
Faceboom,"matująco-detoksykujący krem do twarzy na dzień i noc, 50 ml",82,19.59,26.99,/faceboom-matujaco-detoksykujacy-krem-do-twarzy-na-dzien-i-noc-50-ml-000000000000371912.html,Odświeżające,"Aqua (Water),Trehalose,Propanediol,Stearyl Alcohol,Cannabis Sativa (Hemp) Seed Oil,Oryza Sativa (Rice) Bran Oil,Coco-Caprylate/Caprate,Oryza Sativa (Rice) Starch,Sorbitan Olivate,Potassium Cetyl Phosphate,Glycerin,Camellia Sinensis (Green Tea) Leaf Extract,Camellia Sinensis (Black Tea) Leaf Extract,Saccharomyces Ferment Lysate Filtrate,Citrus Aurantifolia (Lime) Juice,Sodium Stearoyl Glutamate,Citric Acid,Sodium Salicylate,Sodium Benzoate,Potassium Sorbate,Parfum (Fragrance),Benzyl Salicylate,Citronellol,Hexyl Cinnamal,Coumarin,Geraniol,Limonene,Linalool",4.200000000000001,50.0,53.98,39.18,Faceboom,27.417562060022227,"water (water),trehalose, propanediol, stearyl alcohol, cannabis sativa (hemp) seed oil, oryza sativa (rice) bran oil, coco - caprylate,caprate, oryza sativa (rice) starch, sorbitan olivate, potassium cetyl phosphate, glycerin, camellia sinensis (greentea) leaf extract, camellia sinensis (blacktea) leaf extract, saccharomyces ferment lysate filtrate, citrus aurantifolia (lime) juice, sodium stearoyl glutamate, citric acid, sodium salicylate, sodium benzoate, potassium sorbate, parfum (fragrance),benzyl salicylate, citronellol, hexyl cinnamal, coumarin, geraniol, limonene, linalool"
Janda My Clinic Dermo-Infusion,"hialuronowy krem na dzień dobry do twarzy, 50 ml",7,39.89,56.99,/janda-hialuronowy-krem-na-dzien-dobry-do-twarzy-50-ml-000000000000415213.html,"Nawilżające,
Ochronne,
Ujędrniające,
Wygładzające","AQUA/WATER, GLYCERIN, COCO-CAPRYLATE/CAPRATE, DECYL COCOATE, MACADAMIA INTEGRIFOLIA SEED OIL, SHEA BUTTER ETHYL ESTERS, GLYCERYL STEARATE, ARACHIDYL ALCOHOL, ISODECYL NEOPENTANOATE, VITIS VINIFERA (GRAPE) SEED OIL, PEG-100 STEARATE, BEHENYL ALCOHOL, THAMNOLIA VERMICULARIS LEAF EXTRACT, ASCORBIC ACID, HYALURONIC ACID, COLLOIDAL GOLD, CITRUS AURANTIUM AMARA (BITTER ORANGE) FLOWER EXTRACT, GLUTATHIONE, TOCOPHERYL ACETATE, ARGANIA SPINOSA KERNEL OIL, BUTYROSPERMUM PARKII (SHEA BUTTER), PASSIFLORA INCARNATA SEED OIL, PRUNUS AMYGDALUS (SWEET ALMOND) DULCIS OIL, HELIANTHUS ANNUUS (SUNFLOWER) SEED OIL, PROPANEDIOL, ROSMARINUS OFFICINALIS LEAF EXTRACT, CETEARYL ALCOHOL, ARACHIDYL GLUCOSIDE, DIMETHICONE, SODIUM ACRYLATE/SODIUM ACRYLOYLDIMETHYL TAURATE COPOLYMER, XANTHAN GUM, ISOHEXADECANE, SORBITOL, SORBITAN OLEATE, 1,2-HEXANEDIOL, CAPRYLYL GLYCOL, CITRIC ACID, POLYSORBATE 80, SODIUM PHYTATE, PARFUM/FRAGRANCE, PHENOXYETHANOL, ETHYLHEXYLGLYCERIN, POTASSIUM SORBATE, SORBIC ACID, CITRAL, CITRONELLOL, LIMONENE, LINALOL",5.0,50.0,113.98,79.78,Janda,30.005264081417792,"water,water, glycerin, coco - caprylate,caprate, decyl cocoate, macadamia integrifolia seed oil, shea butter ethyl ester, glyceryl stearate, arachidyl alcohol, isodecyl neopentanoate, vitis vinifera (grape) seed oil, peg-100 stearate, behenyl alcohol, thamnolia vermicularis leaf extract, ascorbic acid, hyaluronic acid, colloidal gold, citrus aurantium amara (bitterorange) flower extract, glutathione, tocopheryl acetate, argania spinosa kernel oil, butyrospermum parkii (sheabutter), passiflora incarnata seed oil, prunus amygdalus (sweetalmond) dulcis oil, helianthus annuus (sunflower) seed oil, propanediol, rosmarinus officinalis leaf extract, cetearyl alcohol, arachidyl glucoside, dimethicone, sodium acrylate,sodium acryloyldimethyl taurate copolymer, xanthan gum, isohexadecane, sorbitol, sorbitan oleate, 1,2 - hexanediol, caprylyl glycol, citric acid, polysorbate 80, sodium phytate, parfum,fragrance, phenoxyethanol, ethylhexylglycerin, potassium sorbate, sorbic acid, citral, citronellol, limonene, linalol"
Bielenda Kuracja Młodości,"nawilżający krem przeciwzmarszczkowy na dzień noc 40+, 50 ml",13,16.79,23.99,/bielenda-40-nawilzajacy-krem-przeciwzmarszczkowy-na-dzien-noc-50ml-000000000000322447.html,przeciwzmarszczkowy,"Aqua (Water),Squalane,Ethylhexyl Stearate,Sorbitan Stearate,Glycerin,Cetearyl Alcohol,Glyceryl Stearate,Butyrospermum Parkii (Shea) Butter,Caprylic/Capric Triglyceride,Sorbitol,Persea Gratissima (Avocado) Oil,Snail Secretion Filtrate,Gold (nano),Sodium Hyaluronate,Hyaluronic Acid,3-0-Ethyl Ascorbic Acid,Hydrolyzed Glycosaminoglycans,Tocopheryl Acetate,Vegetable Oil,Sorbityl Laurate,Disodium EDTA,Xanthan Gum,Dimethicone,Ethylhexylglycerin,Benzyl Alcohol,Phenoxyethanol,Parfum (Fragrance),Limonene,Linalool",4.7,50.0,47.98,33.58,Bielenda,30.012505210504376,"water (water),squalane, ethylhexyl stearate, sorbitan stearate, glycerin, cetearyl alcohol, glyceryl stearate, butyrospermum parkii (shea) butter, caprylic,capric triglyceride, sorbitol, persea gratissima (avocado) oil, snail secretion filtrate, gold (nano),sodium hyaluronate, hyaluronic acid,3 - 0 - ethyl ascorbic acid, hydrolyzed glycosaminoglycans, tocopheryl acetate, vegetable oil, sorbityl laurate, disodium edta, xanthan gum, dimethicone, ethylhexylglycerin, benzyl alcohol, phenoxyethanol, parfum (fragrance),limonene, linalool"
Sylveco,"lekki krem z nagietkiem do twarzy, 50 ml",8,37.59,46.99,/sylveco-lekki-krem-z-nagietkiem-do-twarzy-50-ml-000000000000403767.html,Regenerujące,"Aqua,Vitis Vinifera Seed Oil,Glycine Soja Oil,Sorbitan Stearate,Sucrose Cocoate,Butyrospermum Parkii Butter,Glyceryl Stearate,Argania Spinosa Kernel Oil,Simmondsia Chinensis Seed Oil,Stearic Acid,Cetearyl Alcohol,Benzyl Alcohol,Betulin,Tocopheryl Acetate,Aloe Barbadensis Leaf Extract,Allantoin,Xanthan Gum,Dehydroacetic Acid,Calendula Officinalis Flower Extract,Saponaria Officinalis Root Extract",4.8,50.0,93.98,75.18,Sylveco,20.00425622472866,"water, vitis vinifera seed oil, glycine soja oil, sorbitan stearate, sucrose cocoate, butyrospermum parkii butter, glyceryl stearate, argania spinosa kernel oil, simmondsia chinensis seed oil, stearic acid, cetearyl alcohol, benzyl alcohol, betulin, tocopheryl acetate, aloe barbadensis leaf extract, allantoin, xanthan gum, dehydroacetic acid, calendula officinalis flower extract, saponaria officinalis root extract"
Nacomi Baby,"nawilżający krem do twarzy, 50 ml",13,12.59,19.99,/nacomi-nawilzajacy-krem-do-twarzy-50-ml-000000000000385648.html,nawilżający,"Ingredients/Składniki (INCI): Aqua, Glycerin, Butyrospermum Parkii Butter, Prunus Amygdalus Dulcis Oil, Persea Gratissima Oil, Cetyl Alcohol, Cetearyl Alcohol, Glyceryl Stearate, Panthenol, Shorea Stenoptera Seed Butter, Hydrogenated Farnesene, Olea Europaea Fruit Oil, Stearic Acid, Hydrolyzed Rice Protein, Niacinamide, Avena Sativa Kernel Extract, Citrus Aurantium Amara Flower Extract, Jasminum Officinale Flower Extract, Lavandula Angustifolia Flower Extract, Paeonia Officinalis Flower Extract, Prunus Serrulata Flower Extract, Sambucus Nigra Flower Extract, Glycine Soja Oil, Rosa Damascena Flower Oil, Helianthus Annuus Seed Oil, Phytosterols, Sodium Lauroyl Glutamate, Tocopheryl Acetate, Ascorbyl Palmitate, Sorbitan Oleate, Dehydroacetic Acid, Citric Acid, Parfum, Sodium Benzoate, Potassium Sorbate, Benzyl Alcohol.",5.0,50.0,39.98,25.18,Nacomi,37.018509254627304,"ingredient,składniki (inci): water, glycerin, butyrospermum parkii butter, prunus amygdalus dulcis oil, persea gratissima oil, cetyl alcohol, cetearyl alcohol, glyceryl stearate, panthenol, shorea stenoptera seed butter, hydrogenate farnesene, olea europaea fruit oil, stearic acid, hydrolyzed rice protein, niacinamide, avena sativa kernel extract, citrus aurantium amara flower extract, jasminum officinale flower extract, lavandula angustifolia flower extract, paeonia officinalis flower extract, prunus serrulata flower extract, sambucus nigra flower extract, glycine soja oil, rosa damascena flower oil, helianthus annuus seed oil, phytosterol, sodium lauroyl glutamate, tocopheryl acetate, ascorbyl palmitate, sorbitan oleate, dehydroacetic acid, citric acid, parfum, sodium benzoate, potassium sorbate, benzyl alcohol."
Bioderma Sébium Pore Refiner,"korygujący preparat zwężający pory, 30 ml",13,94.99,94.99,/bioderma-korygujacy-preparat-zwezajacy-pory-30ml-000000000000225320.html,Zapobieganie niedoskonałościom,"AQUA/WATER/EAU, METHYL METHACRYLATE CROSSPOLYMER, DIPROPYLENE GLYCOL, CYCLOPENTASILOXANE, CYCLOHEXASILOXANE, DIMETHICONE, GLYCERIN, BUTYLENE GLYCOL, FOMES OFFICINALIS (MUSHROOM) EXTRACT, SODIUM POLYACRYLATE, SALICYLIC ACID, DODECYL GALLATE, GINKGO BILOBA LEAF EXTRACT, MANNITOL, XYLITOL, RHAMNOSE, FRUCTOOLIGOSACCHARIDES, LAMINARIA OCHROLEUCA EXTRACT, SILICA, TRIDECETH-6, C30-45 ALKYL CETEARYL DIMETHICONE CROSSPOLYMER, LAURYL PEG/PPG-18/18 METHICONE, CAPRYLIC/CAPRIC TRIGLYCERIDE, MINERAL OIL (PARAFFINUM LIQUIDUM), PENTYLENE GLYCOL, 1,2-HEXANEDIOL, PEG/PPG-18/18 DIMETHICONE, CAPRYLYL GLYCOL, PROPYLENE GLYCOL, SODIUM HYDROXIDE, CITRIC ACID, DISODIUM EDTA, FRAGRANCE (PARFUM). [BI 600]",4.9,30.0,316.63,316.63,Bioderma,0.0,"water,water,eau, methyl methacrylate crosspolymer, dipropylene glycol, cyclopentasiloxane, cyclohexasiloxane, dimethicone, glycerin, butylene glycol, fomes officinalis (mushroom) extract, sodium polyacrylate, salicylic acid, dodecyl gallate, ginkgo biloba leaf extract, mannitol, xylitol, rhamnose, fructooligosaccharides, laminaria ochroleuca extract, silica, trideceth-6, c30 - 45 alkyl cetearyl dimethicone crosspolymer, lauryl peg,ppg-18/18 methicone, caprylic,capric triglyceride, mineral oil (paraffinumliquidum), pentylene glycol, 1,2 - hexanediol, peg,ppg-18/18 dimethicone, caprylyl glycol, propylene glycol, sodium hydroxide, citric acid, disodium edta, fragrance (parfum)., bi 600 ]"
Nivea Q10 Plus,"duopack: przeciwzmarszczkowy krem do twarzy, 2x50 ml",15,62.99,69.99,/nivea-duopack-przeciwzmarszczkowy-krem-do-twarzy-2x50-ml-000000000000413804.html,przeciwzmarszczkowy,"NIVEA Q10 UJĘDRNIENIE PRZECIWZMARSZCZKOWY NAWILŻAJĄCY KREM NA DZIEŃ SPF 15: Aqua , Glycerin, Butyrospermum Parkii Butter, Cetearyl Alcohol, Methylpropanediol, Glyceryl Stearate SE , C12-15 Alkyl Benzoate, Caprylic/Capric Triglyceride, Cocoglycerides, Phenylbenzimidazole Sulfonic Acid, Butyl Methoxydibenzoylmethane, Ethylhexyl Salicylate, Bis-Ethylhexyloxyphenol Methoxyphenyl Triazine, Glyceryl Stearate, Ubiquinone , Creatine, 1-Methylhydantoin-2-Imide , Tocopheryl Acetate , Ethylhexylglycerin, Xanthan Gum , Trisodium EDTA , Sodium Hydroxide, Phenoxyethanol, Parfum, NIVEA Q10 UJĘDRNIENIE PRZECIWZMARSZKOWY REGENERUJĄCY KREM NA NOC: Aqua , Glycerin, Cetearyl Alcohol, Caprylic/Capric Triglyceride, Butyrospermum Parkii Butter, Cocoglycerides, Methylpropanediol, Hydrogenated Coco-Glycerides, Glyceryl Stearate Citrate, Cetearyl Isononanoate, Triisostearin , Squalane, Macadamia Integrifolia Seed Oil, Ubiquinone , Panthenol, Creatine, 1-Methylhydantoin-2-Imide , Pantolactone , Glyceryl Stearate, Xanthan Gum , Ethylhexylglycerin, Caprylyl Glycol, Sodium Hydroxide, Citric Acid, Phenoxyethanol, Parfum",5.0,50.0,139.98,125.98,Nivea,10.001428775539353,"nivea q10 ujędrnienie przeciwzmarszczkowy nawilżający krem na dzień spf 15: water, glycerin, butyrospermum parkii butter, cetearyl alcohol, methylpropanediol, glyceryl stearate se, c12 - 15 alkyl benzoate, caprylic,capric triglyceride, cocoglyceride, phenylbenzimidazole sulfonic acid, butyl methoxydibenzoylmethane, ethylhexyl salicylate, bis - ethylhexyloxyphenol methoxyphenyl triazine, glyceryl stearate, ubiquinone, creatine, 1 - methylhydantoin-2 - imide, tocopheryl acetate, ethylhexylglycerin, xanthan gum, trisodium edta, sodium hydroxide, phenoxyethanol, parfum, nivea q10 ujędrnienie przeciwzmarszkowy regenerujący krem na noc: water, glycerin, cetearyl alcohol, caprylic,capric triglyceride, butyrospermum parkii butter, cocoglyceride, methylpropanediol, hydrogenate coco - glyceride, glyceryl stearate citrate, cetearyl isononanoate, triisostearin, squalane, macadamia integrifolia seed oil, ubiquinone, panthenol, creatine, 1 - methylhydantoin-2 - imide, pantolactone, glyceryl stearate, xanthan gum, ethylhexylglycerin, caprylyl glycol, sodium hydroxide, citric acid, phenoxyethanol, parfum"
Eveline Cosmetics Egyptian Miracle,"nawilżająco-regenerujący krem-ratunek do twarzy, ciała i włosów, 40 ml",149,29.99,29.99,/eveline-cosmetics-nawilzajaco-regenerujacy-krem-ratunek-do-twarzy-ciala-i-wlosow-40-ml-000000000000365189.html,regenerujący,"Olea Europaea Fruit Oil,Cera Alba,Helianthus Annuus Seed Oil,Mel,Propolis Extract,Royal Jelly Extract,Pollen Extract",4.4,40.0,74.97,74.97,Eveline Cosmetics,0.0,"olea europaea fruit oil, cera alba, helianthus annuus seed oil, mel, propolis extract, royal jelly extract, pollen extract"
Redblocker,"krem do twarzy do skóry naczynkowej na dzień, 50 ml",7,29.39,29.39,/redblocker-krem-do-twarzy-do-skory-naczynkowej-na-dzien-50ml-000000000000264643.html,Nawilżające,"Aqua,Glycerin,C12-15 Alkyl Benzoate,Cetearyl Ethylhexanoate,Titanium Dioxide (nano),Ethylhexyl Methoxycinnamate,Propylene Glycol,Methylpropanediol,Butyl Methoxydibenzoylmethane,Butyrospermum Parkii Butter,Glyceryl Stearate Citrate,Cetyl Alcohol,Glyceryl Stearate,Magnesium Aluminum Silicate,Ruscus Aculeatus Root Extract,Aesculus Hippocastanum Seed Extract,Vaccinium Macrocarpon Fruit Extract,Ascophyllum Nodosum Extract,Sodium Hyaluronate,Caprylyl Glycol,Phenylpropanol,Decyl Glucoside,Tocopherol,Sodium Acrylate/Sodium Acryloyldimethyl Taurate Copolymer,Hydrogenated Polydecene,Laureth-7,Disodium EDTA,Sodium Hydroxide,BHA,Silica,Methylparaben,Ethylparaben,Propylparaben,Phenoxyethanol,Parfum,CI 19140,CI 42090,Limonene,Linalool",3.0,50.0,58.78,58.78,Redblocker,0.0,"water, glycerin, c12 - 15 alkyl benzoate, cetearyl ethylhexanoate, titanium dioxide (nano),ethylhexyl methoxycinnamate, propylene glycol, methylpropanediol, butyl methoxydibenzoylmethane, butyrospermum parkii butter, glyceryl stearate citrate, cetyl alcohol, glyceryl stearate, magnesium aluminum silicate, ruscus aculeatus root extract, aesculus hippocastanum seed extract, vaccinium macrocarpon fruit extract, ascophyllum nodosum extract, sodium hyaluronate, caprylyl glycol, phenylpropanol, decyl glucoside, tocopherol, sodium acrylate,sodium acryloyldimethyl taurate copolymer, hydrogenated polydecene, laureth-7,disodium edta, sodium hydroxide, bha, silica, methylparaben, ethylparaben, propylparaben, phenoxyethanol, parfum, ci 19140,ci 42090,limonene, linalool"
Iwostin Solecrin,"emulsja ochronna do opalania SPF50+, 100 ml",6,71.99,71.99,/iwostin-emulsja-ochronna-do-opalania-spf50-100-ml-000000000000384763.html,ochrona UV,"Aqua,Hydrogenated Polydecene,C12-15 Alkyl Benzoate,Ethylhexyl Methoxycinnamate,Methylpropanediol,Titanium Dioxide,Caprylic/Capric Triglyceride,Glycerin,Butyl Methoxydibenzoylmethane,Ethoxydiglycol,Potassium Cetyl Phosphate,Methylene Bis-Benzotriazolyl Tetramethylbutylphenol [nano],Bis-Ethylhexyloxyphenol Methoxyphenyl Triazine,Isopropyl Palmitate,VP/Eicosene Copolymer,Aluminum Starch Octenylsuccinate,Caprylyl Glycol,Laminaria Ochroleuca Extract,Squalane,Hydrogenated Olive Oil Stearyl Esters,Decyl Glucoside,PEG-8,Polysorbate 60,Tocopheryl Acetate,Tocopherol,Ascorbyl Palmitate,Ascorbic Acid,Cetearyl Alcohol,Glyceryl Stearate SE,Hydroxystearic Acid,Propylene Glycol,Sorbitan Isostearate,Xanthan Gum,Hydroxyethyl Acrylate/Sodium Acryloyldimethyl Taurate Copolymer,Acrylates/C10-30 Alkyl Acrylate Crosspolymer,Citric Acid,Triethanolamine,Disodium EDTA,Phenylpropanol,BHT,Alumina,Dimethicone",4.4,100.0,71.99,71.99,Iwostin,0.0,"water, hydrogenated polydecene, c12 - 15 alkyl benzoate, ethylhexyl methoxycinnamate, methylpropanediol, titanium dioxide, caprylic,capric triglyceride, glycerin, butyl methoxydibenzoylmethane, ethoxydiglycol, potassium cetyl phosphate, methylene bis - benzotriazolyl tetramethylbutylphenol, nano],bis - ethylhexyloxyphenol methoxyphenyl triazine, isopropyl palmitate, vp,eicosene copolymer, aluminum starch octenylsuccinate, caprylyl glycol, laminaria ochroleuca extract, squalane, hydrogenated olive oil stearyl esters, decyl glucoside, peg-8,polysorbate 60,tocopheryl acetate, tocopherol, ascorbyl palmitate, ascorbic acid, cetearyl alcohol, glyceryl stearate se, hydroxystearic acid, propylene glycol, sorbitan isostearate, xanthan gum, hydroxyethyl acrylate,sodium acryloyldimethyl taurate copolymer, acrylates,c10 - 30 alkyl acrylate crosspolymer, citric acid, triethanolamine, disodium edta, phenylpropanol, bht, alumina, dimethicone"
Janda My Clinic Kriology,"krem na dobranoc do twarzy 70+, 50 ml",5,45.49,64.99,/janda-krem-na-dobranoc-do-twarzy-70-50-ml-000000000000415211.html,"Odżywcze,
Rozświetlające,
Wygładzające","AQUA/WATER, NIACINAMIDE, GLYCERIN, HYDROGENATED POLYDECENE, CAPRYLIC/CAPRIC TRIGLYCERIDE, SQUALANE, GLYCERYL STEARATE, DIMETHICONE, ETHYLHEXYL PALMITATE, CETEARYL ALCOHOL, DECYL COCOATE, PEG-100 STEARATE, BUTYROSPERMUM PARKII (SHEA BUTTER), TOCOPHERYL ACETATE, CELLULOSE, DIMETHYL ISOSORBIDE, CAMELLIA JAPONICA SEED OIL, CALANTHE DISCOLOR EXTRACT, AQUA/WATER (SWISS GLACIER WATER), HYALURONIC ACID, ACETYL SH-PENTAPEPTIDE-35, DIAMOND POWDER, ASCORBYL PALMITATE, ASCORBIC ACID, TOCOPHEROL, SILANETRIOL, PROPANEDIOL, GLUCONOLACTONE, SODIUM ACRYLATE/SODIUM ACRYLOYLDIMETHYL TAURATE COPOLYMER, ISOHEXADECANE, XANTHAN GUM, CETEARYL DIMETHICONE CROSSPOLYMER, C30-45 ALKYL DIMETHICONE, DIETHYLHEXYL SYRINGYLIDENEMALONATE, BEESWAX, SORBITAN OLEATE, LECITHIN, BUTYLENE GLYCOL, CITRIC ACID, CALCIUM GLUCONATE, ALCOHOL, GLYCERYL CAPRYLATE, POLYSORBATE 80, CETEARETH-20, POLYSORBATE 20, PEG-8, DISODIUM EDTA, TRIETHANOLAMINE, PARFUM/FRAGRANCE, PHENOXYETHANOL, ETHYLHEXYLGLYCERIN, SODIUM BENZOATE, BENZYL ALCOHOL, BENZOIC ACID, SORBIC ACID, BENZYL SALICYLATE, CITRONELLOL, LIMONENE, LINALOOL, ALPHA-ISOMETHYL IONONE",5.0,50.0,129.98,90.98,Janda,30.004616094783803,"water,water, niacinamide, glycerin, hydrogenated polydecene, caprylic,capric triglyceride, squalane, glyceryl stearate, dimethicone, ethylhexyl palmitate, cetearyl alcohol, decyl cocoate, peg-100 stearate, butyrospermum parkii (sheabutter), tocopheryl acetate, cellulose, dimethyl isosorbide, camellia japonica seed oil, calanthe discolor extract, water,water (swissglacierwater), hyaluronic acid, acetyl sh - pentapeptide-35, diamond powder, ascorbyl palmitate, ascorbic acid, tocopherol, silanetriol, propanediol, gluconolactone, sodium acrylate,sodium acryloyldimethyl taurate copolymer, isohexadecane, xanthan gum, cetearyl dimethicone crosspolymer, c30 - 45 alkyl dimethicone, diethylhexyl syringylidenemalonate, beeswax, sorbitan oleate, lecithin, butylene glycol, citric acid, calcium gluconate, alcohol, glyceryl caprylate, polysorbate 80, ceteareth-20, polysorbate 20, peg-8, disodium edta, triethanolamine, parfum,fragrance, phenoxyethanol, ethylhexylglycerin, sodium benzoate, benzyl alcohol, benzoic acid, sorbic acid, benzyl salicylate, citronellol, limonene, linalool, alpha - isomethyl ionone"
Bielenda Złote Ceramidy,"krem przeciwzmarszczkowy na dzień i noc do twarzy 40+, 50 ml",9,17.49,24.99,/bielenda-krem-przeciwzmarszczkowy-na-dzien-i-noc-do-twarzy-40-50-ml-000000000000401250.html,przeciwzmarszczkowy,"Aqua (Water),Squalane,Prunus Amygdalus Dulcis (Sweet Almond) Oil,Butyrospermum Parkii (Shea) Butter,Coco Caprylate/Caprate,Cetearyl Alcohol,Glyceryl Stearate,Isononyl Isononanoate,Glycerin,Sorbitol,Potassium Cetyl Phosphate,Dimethicone,Isododecane,Hydrogenated Tetradecenyl/Methylpentadecene,Ceramide NP,Ceramide AP,Ceramide EOP,Gold (nano),Hydrolyzed Rice Protein,Palmitoyl Tripeptide 5,Phytosphingosine,Cholesterol,Glycine Soja (Soybean) Oil,Squalene,Tocopherol,Beta-Sitosterol,Ascorbyl Palmitate,Sodium Stearoyl Glutamate,Sodium Lauroyl Lactylate,Pentylene Glycol,Xanthan Gum,Carbomer,Ammonium Acryloyldimethyltaurate/VP Copolymer,Disodium EDTA,Phenoxyethanol,Ethylhexylglycerin Benzyl Alcohol,Parfum (Fragrance),Benzyl Salicylate,Hexyl Cinnamal,Limonene,Linalool",3.9,50.0,49.98,34.98,Bielenda,30.01200480192077,"water (water),squalane, prunus amygdalus dulcis (sweetalmond) oil, butyrospermum parkii (shea) butter, coco caprylate,caprate, cetearyl alcohol, glyceryl stearate, isononyl isononanoate, glycerin, sorbitol, potassium cetyl phosphate, dimethicone, isododecane, hydrogenated tetradecenyl,methylpentadecene, ceramide np, ceramide ap, ceramide eop, gold (nano),hydrolyze rice protein, palmitoyl tripeptide 5,phytosphingosine, cholesterol, glycine soja (soybean) oil, squalene, tocopherol, beta - sitosterol, ascorbyl palmitate, sodium stearoyl glutamate, sodium lauroyl lactylate, pentylene glycol, xanthan gum, carbomer, ammonium acryloyldimethyltaurate,vp copolymer, disodium edta, phenoxyethanol, ethylhexylglycerin benzyl alcohol, parfum (fragrance),benzyl salicylate, hexyl cinnamal, limonene, linalool"
Dermedic Cicatopy,"kojący krem nawilżający do twarzy, 50 ml",9,43.99,43.99,/dermedic-kojacy-krem-nawilzajacy-do-twarzy-50-ml-000000000000406820.html,nawilżający,"Aqua, Isocetyl Stearate, PEG - 100 Stearate, Glyceryl Stearate, Glycerin, Butyrospermum Parkii Butter, Methylpropanediol, Cetyl Alcohol, Linum Usitatissimum Seed Oil, Aluminum Starch Octenylsuccinate, Ethylhexylglycerin, Cocos Nucifera Oil, Squalane, Magnesium Carboxymethyl Beta-Glucan, Cyclopentasiloxane, Dimethiconol, Acrylates /C10-30 Alkyl Acrylate Crosspolymer, Triethanolamine, Disodium EDTA, Phenoxyethanol, Iodopropynyl Butylcarbamate.",4.7,50.0,87.98,87.98,Dermedic,0.0,"water, isocetyl stearate, peg - 100 stearate, glyceryl stearate, glycerin, butyrospermum parkii butter, methylpropanediol, cetyl alcohol, linum usitatissimum seed oil, aluminum starch octenylsuccinate, ethylhexylglycerin, cocos nucifera oil, squalane, magnesium carboxymethyl beta - glucan, cyclopentasiloxane, dimethiconol, acrylate /c10 - 30 alkyl acrylate crosspolymer, triethanolamine, disodium edta, phenoxyethanol, iodopropynyl butylcarbamate."
Ziaja Yego,"nawilżający krem do twarzy, 50 ml",7,7.99,7.99,/ziaja-nawilzajacy-krem-do-twarzy-50-ml-000000000000221402.html,nawilżający,"Aqua (Water),Isohexadecane,Triethylhexanoin,Aluminum Starch Octenylsuccinate,Glycerin,Cetyl Alcohol,Ethylhexyl Triazone,Ethylhexyl Palmitate,Luffa Cylindrica Seed Oil,Propylene Glycol,Hydrolyzed Milk Protein,Bis-Ethylhexyloxyphenol Methoxyphenyl Triazine,Butyl Methoxydibenzoylmethane,Panthenol,Oxidized Corn Oil,Allantoin,Sodium Polyacrylate,Sodium Acrylate/Sodium Acryloyldimethyl Taurate Copolymer,Polysorbate 80,Trilaureth-4 Phosphate,PEG-8,Tocopherol,Ascorbyl Palmitate,Ascorbic Acid,Citric Acid,Polysorbate 20,Phenoxyethanol,Ethylhexylglycerin,Parfum (Fragrance),Linalool,Limonene,Benzyl Salicylate,Eugenol,Citronellol,Alpha-Isomethyl lonone",4.8,50.0,15.98,15.98,Ziaja,0.0,"water (water),isohexadecane, triethylhexanoin, aluminum starch octenylsuccinate, glycerin, cetyl alcohol, ethylhexyl triazone, ethylhexyl palmitate, luffa cylindrica seed oil, propylene glycol, hydrolyzed milk protein, bis - ethylhexyloxyphenol methoxyphenyl triazine, butyl methoxydibenzoylmethane, panthenol, oxidize corn oil, allantoin, sodium polyacrylate, sodium acrylate,sodium acryloyldimethyl taurate copolymer, polysorbate 80,trilaureth-4 phosphate, peg-8,tocopherol, ascorbyl palmitate, ascorbic acid, citric acid, polysorbate 20,phenoxyethanol, ethylhexylglycerin, parfum (fragrance),linalool, limonene, benzyl salicylate, eugenol, citronellol, alpha - isomethyl lonone"
Bioderma Sébium Mat Control,"krem matujący do twarzy, 30 ml",11,54.99,54.99,/bioderma-krem-matujacy-do-twarzy-30-ml-000000000000427862.html,Matujące,"AQUA/WATER/EAU, GLYCERIN, CYCLOPENTASILOXANE, METHYL METHACRYLATE CROSSPOLYMER, CYCLOHEXASILOXANE, DIPROPYLENE GLYCOL, POLYMETHYLSILSESQUIOXANE, PEG-10 DIMETHICONE, HDI/TRIMETHYLOL HEXYLLACTONE CROSSPOLYMER, BUTYLENE GLYCOL, SODIUM CHLORIDE, VINYL DIMETHICONE/METHICONE SILSESQUIOXANE CROSSPOLYMER, C30-45 ALKYL CETEARYL DIMETHICONE CROSSPOLYMER, ZINC GLUCONATE, DISODIUM EDTA, SALICYLIC ACID, MANNITOL, XYLITOL, RHAMNOSE, XANTHAN GUM, SODIUM HYDROXIDE, DODECYL GALLATE, PYRIDOXINE HCL, FOMES OFFICINALIS (MUSHROOM) EXTRACT, PEG-40 HYDROGENATED CASTOR OIL, PHENOXYETHANOL, FRAGRANCE (PARFUM). [BI 724]",4.8,30.0,183.3,183.3,Bioderma,0.0,"water,water,eau, glycerin, cyclopentasiloxane, methyl methacrylate crosspolymer, cyclohexasiloxane, dipropylene glycol, polymethylsilsesquioxane, peg-10 dimethicone, hdi,trimethylol hexyllactone crosspolymer, butylene glycol, sodium chloride, vinyl dimethicone,methicone silsesquioxane crosspolymer, c30 - 45 alkyl cetearyl dimethicone crosspolymer, zinc gluconate, disodium edta, salicylic acid, mannitol, xylitol, rhamnose, xanthan gum, sodium hydroxide, dodecyl gallate, pyridoxine hcl, fomes officinalis (mushroom) extract, peg-40 hydrogenated castor oil, phenoxyethanol, fragrance (parfum)., bi 724 ]"
Resibo,"odżywczy krem do twarzy, 50 ml",8,70.99,88.99,/resibo-odzywczy-krem-do-twarzy-50-ml-000000000000386192.html,odżywczy,"Aqua, Coco-Caprylate/Caprate*, Propanediol Dicaprylate*, Propanediol, Crambe Abyssinica Seed Oil, Prunus Amygdalus Dulcis Oil, Glycerin, Polyglyceryl-4 Cocoate*, Glyceryl Stearate Citrate*, Butyrospermum Parkii Butter, Cetearyl Alcohol, Prunus Armeniaca Kernel Oil, Sucrose Stearate*, Sucrose Distearate*, Cetyl Alcohol*, Sodium Hyaluronate*, Bakuchiol, Rheum Rhaponticum Root Extract, Solanum Lycopersicum Fruit/Leaf/Stem Extract, Cucurbita Pepo Seed Extract*, Maris Aqua*, Leptospermum Scoparium Branch/Leaf Oil, Rosmarinus Officinalis Leaf Extract, Tocopherol, Helianthus Annuus Seed Oil, Bertholletia Excelsa Seed Oil*, Dipteryx Odorata Seed Oil*, Zea Mays Oil, Sesamum Indicum Seed Oil, Macadamia Ternifolia Seed Oil, Olea Europaea Fruit Oil, Xanthan Gum*, Sodium Ricinoleate*, Tetrasodium Glutamate Diacetate*, Citric Acid, Sodium Benzoate, Potassium Sorbate, Benzyl Alcohol, Coumarin *składniki posiadające certyfikat naturalności",3.4,50.0,177.98,141.98,Resibo,20.226991796831108,"water, coco - caprylate,caprate *, propanediol dicaprylate *, propanediol, crambe abyssinica seed oil, prunus amygdalus dulcis oil, glycerin, polyglyceryl-4 cocoate *, glyceryl stearate citrate *, butyrospermum parkii butter, cetearyl alcohol, prunus armeniaca kernel oil, sucrose stearate *, sucrose distearate *, cetyl alcohol *, sodium hyaluronate *, bakuchiol, rheum rhaponticum root extract, solanum lycopersicum fruit,leaf,stem extract, cucurbita pepo seed extract *, maris water *, leptospermum scoparium branch,leaf oil, rosmarinus officinalis leaf extract, tocopherol, helianthus annuus seed oil, bertholletia excelsa seed oil *, dipteryx odorata seed oil *, zea mays oil, sesamum indicum seed oil, macadamia ternifolia seed oil, olea europaea fruit oil, xanthan gum *, sodium ricinoleate *, tetrasodium glutamate diacetate *, citric acid, sodium benzoate, potassium sorbate, benzyl alcohol, coumarin * składniki posiadające certyfikat naturalności"
Tołpa Dermo Face Provivo 35+,"odnawiający krem przeciw starzeniu, noc, 40 ml",6,47.99,47.99,/tolpa-odnawiajacy-krem-przeciw-starzeniu-noc-40-ml-000000000000362535.html,"Nawilżające,
Przeciwstarzeniowe,
Regenerujące,
Uelastyczniające,
Wygładzające","Aqua, Isohexadecane, Glycerin, Coco-Caprylate, Cetearyl Alcohol, Peat Extract, Ceteareth-20, Propanediol, Aluminum Starch Octenylsuccinate, Butyrospermum Parkii Butter, Squalane, Biosaccharide Gum–1, Baicalin, Hibiscus Abelmoschus Seed Extract, Cassia Angustifolia Seed Polysaccharide, Sodium Polyacrylate, Potassium Phosphate, Carbomer, Sodium Acrylate/Sodium Acryloyldimethyl Taurate Copolymer, Polysorbate 80, Sorbitan Oleate, Tetrasodium EDTA, Tocopherol, Xanthan Gum, Hydroxyethylcellulose, Sodium Hydroxide, Butylene Glycol, Parfum, Methylpropanediol, Caprylyl Glycol, Phenoxyethanol, Benzoic Acid.",4.3,40.0,119.98,119.98,Tołpa,0.0,"water, isohexadecane, glycerin, coco - caprylate, cetearyl alcohol, peat extract, ceteareth-20, propanediol, aluminum starch octenylsuccinate, butyrospermum parkii butter, squalane, biosaccharide gum–1, baicalin, hibiscus abelmoschus seed extract, cassia angustifolia seed polysaccharide, sodium polyacrylate, potassium phosphate, carbomer, sodium acrylate,sodium acryloyldimethyl taurate copolymer, polysorbate 80, sorbitan oleate, tetrasodium edta, tocopherol, xanthan gum, hydroxyethylcellulose, sodium hydroxide, butylene glycol, parfum, methylpropanediol, caprylyl glycol, phenoxyethanol, benzoic acid."
Missha Aqua,"krem przeciwsłoneczny do twarzy z SPF50+ PA++++, 50 ml",7,99.99,99.99,/missha-krem-przeciwsloneczny-do-twarzy-z-spf50-pa-50-ml-000000000000432618.html,ochrona UV,"Water, Propanediol, Ethylhexyl Salicylate, Homosalate, Dibutyl Adipate, Bis-Ethylhexyloxyphenol Methoxyphenyl Triazine, Methylene Bis-Benzotriazolyl Tetramethylbutylphenol, Polysilicone-15, Caprylyl Methicone, Diethylamino Hydroxybenzoyl Hexyl Benzoate, 1,2-Hexanediol, Pentylene Glycol, Poly C10-30 Alkyl Acrylate, Glycerin, Polyglyceryl-3 Methylglucose Distearate, Behenyl Alcohol, Octadecane, Vp/Eicosene Copolymer, Lactic Acid/Glycolic Acid Copolymer, Tromethamine, Decyl Glucoside, Carbomer, Fragrance, Acrylates/C10-30 Alkyl Acrylate Crosspolymer, Sodium Stearoyl Glutamate, Ethylhexylglycerin, Polyacrylate Crosspolymer-6, Sodium Polyacrylate, Sodium Hyaluronate, Xanthan Gum, Polyether-1, Caprylyl Glycol, T-Butyl Alcohol, Guaiazulene, Glyceryl Glucoside, Tocopherol, Beta-Glucan, Hydrolyzed Hyaluronic Acid, Sodium Acetylated Hyaluronate",4.200000000000001,50.0,199.98,199.98,Missha,0.0,"water, propanediol, ethylhexyl salicylate, homosalate, dibutyl adipate, bis - ethylhexyloxyphenol methoxyphenyl triazine, methylene bis - benzotriazolyl tetramethylbutylphenol, polysilicone-15, caprylyl methicone, diethylamino hydroxybenzoyl hexyl benzoate, 1,2 - hexanediol, pentylene glycol, poly c10 - 30 alkyl acrylate, glycerin, polyglyceryl-3 methylglucose distearate, behenyl alcohol, octadecane, vp,eicosene copolymer, lactic acid,glycolic acid copolymer, tromethamine, decyl glucoside, carbomer, fragrance, acrylates,c10 - 30 alkyl acrylate crosspolymer, sodium stearoyl glutamate, ethylhexylglycerin, polyacrylate crosspolymer-6, sodium polyacrylate, sodium hyaluronate, xanthan gum, polyether-1, caprylyl glycol, t - butyl alcohol, guaiazulene, glyceryl glucoside, tocopherol, beta - glucan, hydrolyzed hyaluronic acid, sodium acetylated hyaluronate"
Ava Eco Men,"matujący krem regenerujący do twarzy 6w1 męski, 50 ml",5,32.99,32.99,/ava-matujacy-krem-regenerujacy-do-twarzy-6w1-meski-50-ml-000000000000321239.html,regenerujący,"Aqua, Glycerin, Glyceryl Stearate, Butyrospermum Parkii Butter, Cetyl Alcohol, Cocos Nucifera Oil, Vitis Vinifera Seed Oil, Aloe Barbadensis Leaf Juice, Butylene Glycol, Polyglyceryl-6 Palmitate/Succinate, Caprylic/Capric Triglyceride, Dimethicone, Hydroxyethyl Acrylate/Sodium Acryloyldimethyl Taurate Copolymer, Panthenol, Opuntia Ficus-Indica Stem Extract, Niacinamide, Polysorbate 60, Enantia Chlorantha Bark Extract, Isohexadecane, Cetearyl Alcohol, Phenoxyethanol, Disodium EDTA, Ethylhexylglycerin, Potassium Sorbate, Sodium Benzoate, Parfum, Benzyl Salicylate, Linalool, Limonene",4.7,50.0,65.98,65.98,Ava,0.0,"water, glycerin, glyceryl stearate, butyrospermum parkii butter, cetyl alcohol, cocos nucifera oil, vitis vinifera seed oil, aloe barbadensis leaf juice, butylene glycol, polyglyceryl-6 palmitate,succinate, caprylic,capric triglyceride, dimethicone, hydroxyethyl acrylate,sodium acryloyldimethyl taurate copolymer, panthenol, opuntia ficus - indica stem extract, niacinamide, polysorbate 60, enantia chlorantha bark extract, isohexadecane, cetearyl alcohol, phenoxyethanol, disodium edta, ethylhexylglycerin, potassium sorbate, sodium benzoate, parfum, benzyl salicylate, linalool, limonene"
Miya Cosmetics MyWonderBalm,"krem do twarzy regenerująco- odżywczy z masłem shea, 75 ml",106,32.99,32.99,/miya-cosmetics-krem-do-twarzy-re-generujaco-odzywczy-z-maslem-shea-75ml-000000000000294707.html,odżywczy,"Aqua (Water)*,Propylheptyl Caprylate,Cetearyl Alcohol*,Butyrospermum Parkii (Shea) Butter*,Cetyl Alcohol*,Decyl Oleate*,Glycerin*,Panthenol,Glyceryl Stearate Citrate*,Simmondsia Chinensis (Jojoba) Seed Oil*,Glycine Soja (Soybean) Oil*,Glycine Soja (Soybean) Oil Unsaponifiables*,Tocopheryl Acetate,Sodium Polyacrylate,Triethyl Citrate*,Caprylyl Glycol,Benzoic Acid,Xanthan Gum*,Sodium Phytate*,Alcohol*,Parfum (Fragrance),*składnik pochodzenia naturalnego",4.3,75.0,43.99,43.99,Miya Cosmetics,0.0,"water (water)*,propylheptyl caprylate, cetearyl alcohol*,butyrospermum parkii (shea) butter*,cetyl alcohol*,decyl oleate*,glycerin*,panthenol, glyceryl stearate citrate*,simmondsia chinensis (jojoba) seed oil*,glycine soja (soybean) oil*,glycine soja (soybean) oil unsaponifiables*,tocopheryl acetate, sodium polyacrylate, triethyl citrate*,caprylyl glycol, benzoic acid, xanthan gum*,sodium phytate*,alcohol*,parfum (fragrance),*składnik pochodzenia naturalnego"
Feel Free Odżywianie,"naturalny krem do twarzy na noc, 50 ml",53,24.49,34.99,/feel-free-krem-do-twarzy-50ml-000000000000312606.html,Odżywcze,"Aqua, Aloe barbadensis Leaf Juice*, Coco-Caprylate/Caprate, Caprylic/capric Triglyceride, Olea Europaea Fruit Oil*, Glycerin, Glyceryl Stearate, Cetearyl Alcohol, Cetyl Alcohol, Sodium Stearoyl Lactylate, Oryza Sativa Starch, Argania Spinosa Kernel Oil*, Punica Granatum Seed Oil*, Cyperus Esculentus Root Oil*, Butyrospermum Parkii Butter*, Simmondsia Chinensis Seed Oil*, Theobroma Cacao Oil*,Centella Asiatica Extract, Potassium Sorbate, Sodium Benzoate, Benzyl Alcohol, Citric Acid, Dehydroacetic Acid, Xantham Gum, Parfum, Citral, Geraniol, Limonene, Linalool. *Składniki z upraw naturalnych.",4.1,50.0,69.98,48.98,Feel Free,30.00857387825094,"water, aloe barbadensis leaf juice *, coco - caprylate,caprate, caprylic,capric triglyceride, olea europaea fruit oil *, glycerin, glyceryl stearate, cetearyl alcohol, cetyl alcohol, sodium stearoyl lactylate, oryza sativa starch, argania spinosa kernel oil *, punica granatum seed oil *, cyperus esculentus root oil *, butyrospermum parkii butter *, simmondsia chinensis seed oil *, theobroma cacao oil*,centella asiatica extract, potassium sorbate, sodium benzoate, benzyl alcohol, citric acid, dehydroacetic acid, xantham gum, parfum, citral, geraniol, limonene, linalool. * składniki z upraw naturalnych."
Bergamo Red Ginseng,"przeciwzmarszczkowy krem z czerwonym żeń-szeniem do twarzy, 50 g",16,62.99,62.99,/bergamo-przeciwzmarszczkowy-krem-z-czerwonym-zen-szeniem-do-twarzy-50-g-000000000000385826.html,przeciwzmarszczkowy,"Aqua, Helianthus Annuus (Sunflower)seed oil, Glycerin, Caprylic/Capric Triglyceride, Hydrogenated Polydecene, Polysorbate 60, Butyrospermum Parkii (Shea Butter), Beeswax, Cetyl Alcohol, Stearic Acid, Glyceryl Stearate SE, Sorbitan Sesquioleate, Sodium Hyaluronate, Dimethicone, Phenoxyethanol, Carbomer, Triethanolamine, Allantoin, Fragrance, Disodium EDTA, Adenosine, Red Ginseng Extract (100ppm),Phaseolus Radiatus Seed Extract, CI 15985, CI 17200",4.3,50.0,125.98,125.98,Bergamo,0.0,"water, helianthus annuus (sunflower)seed oil, glycerin, caprylic,capric triglyceride, hydrogenate polydecene, polysorbate 60, butyrospermum parkii (sheabutter), beeswax, cetyl alcohol, stearic acid, glyceryl stearate se, sorbitan sesquioleate, sodium hyaluronate, dimethicone, phenoxyethanol, carbomer, triethanolamine, allantoin, fragrance, disodium edta, adenosine, red ginseng extract (100ppm),phaseolus radiatus seed extract, ci 15985, ci 17200"
Ziaja Sopot Sun,"krem przeciw zmarszczkom SPF30 do twarzy, 60 ml",19,16.99,16.99,/ziaja-krem-przeciwzmarszczkowy-spf30-60ml-000000000000257053.html,ochrona UV,"Aqua (Water),Isopropyl Palmitate,Ethylhexyl Salicylate,C12-15 Alkyl Benzoate,Glyceryl Stearate Citrate,Ethylhexyl Triazone,Butyl Methoxydibenzoylmethane,Glycerin,Bis-Ethylhexyloxyphenol Methoxyphenyl Triazine,Butyrospermum Parkii (Shea Butter),Methylene Bis-Benzotriazolyl Tetramethylbutylphenol (nano),Stearyl Alcohol,Dimethicone,Hydrogenated Dimer Dilinoleyl/ Dimethylcarbonate Copolymer,Sodium Acrylate/Sodium Acryloyldimethyl Taurate Copolymer,Isohexadecane,Polysorbate 80,Hydrogenated Coco-Glycerides,Panthenol,Pelvetia Canaliculata Extract,Tocopheryl Acetate,Xanthan Gum,Diethylhexyl Syringylidenemalonate,Caprylic/Capric Triglyceride,Disodium EDTA,Phenoxyethanol,Methylparaben,Ethylparaben,Propylene Glycol,Diazolidinyl Urea,Parfum (Fragrance),Limonene,Hexyl Cinnamal,Citronellol,Linalool,Alpha-Isomethyl Ionone,Benzyl Benzoate,Geraniol,Citral,Benzyl Alcohol",4.3,60.0,28.32,28.32,Ziaja,0.0,"water (water),isopropyl palmitate, ethylhexyl salicylate, c12 - 15 alkyl benzoate, glyceryl stearate citrate, ethylhexyl triazone, butyl methoxydibenzoylmethane, glycerin, bis - ethylhexyloxyphenol methoxyphenyl triazine, butyrospermum parkii (sheabutter),methylene bis - benzotriazolyl tetramethylbutylphenol (nano),stearyl alcohol, dimethicone, hydrogenated dimer dilinoleyl/ dimethylcarbonate copolymer, sodium acrylate,sodium acryloyldimethyl taurate copolymer, isohexadecane, polysorbate 80,hydrogenated coco - glycerides, panthenol, pelvetia canaliculata extract, tocopheryl acetate, xanthan gum, diethylhexyl syringylidenemalonate, caprylic,capric triglyceride, disodium edta, phenoxyethanol, methylparaben, ethylparaben, propylene glycol, diazolidinyl urea, parfum (fragrance),limonene, hexyl cinnamal, citronellol, linalool, alpha - isomethyl ionone, benzyl benzoate, geraniol, citral, benzyl alcohol"
Iwostin Pure Balance,"zwalczający niedoskonałości krem do twarzy na dzień, 50 ml",186,54.39,67.99,/iwostin-zwalczajacy-niedoskonalosci-krem-do-twarzy-na-dzien-50-ml-000000000000389837.html,Nawilżające,"Aqua,Diethylhexyl Carbonate,Glycerin,Dimethicone,Sorbitol,Cellulose,Cetyl Dimethicone,Bis-PEG/PPG-16/16PEG/PPG-16/16 Dimethicone,Perlite,Hydrolyzed Hyaluronic Acid,Sodium Ascorbyl Phosphate,Tocopheryl Acetate,Sarcosine,Polysorbate 80,Glyceryl Stearate,Cetearyl Alcohol,Caprylic/Capric Triglyceride,Butylene Glycol,Pentylene Glycol,Ammonium Acryloyldimethyltaurate/VP Copolymer,Acrylates/C10-30 Alkyl Acrylate Crosspolymer,Xanthan Gum,Sodium Hydroxide,Pentaerythrityl Tetra-di-t-butyl Hydroxyhydrocinnamate,Phenoxyethanol,Sodium Benzoate,Parfum,CI 14700",4.8,50.0,135.98,108.78,Iwostin,20.002941609060148,"water, diethylhexyl carbonate, glycerin, dimethicone, sorbitol, cellulose, cetyl dimethicone, bis - peg,ppg-16/16peg,ppg-16/16 dimethicone, perlite, hydrolyzed hyaluronic acid, sodium ascorbyl phosphate, tocopheryl acetate, sarcosine, polysorbate 80,glyceryl stearate, cetearyl alcohol, caprylic,capric triglyceride, butylene glycol, pentylene glycol, ammonium acryloyldimethyltaurate,vp copolymer, acrylates,c10 - 30 alkyl acrylate crosspolymer, xanthan gum, sodium hydroxide, pentaerythrityl tetra - di - t - butyl hydroxyhydrocinnamate, phenoxyethanol, sodium benzoate, parfum, ci 14700"
Revuele,"nawilżający krem-żel do twarzy, 100 ml",6,18.99,18.99,/revuele-nawilzajacy-krem-zel-do-twarzy-100-ml-000000000000407562.html,nawilżający,"Water / Aqua, Glycerin, Watermelon Fruit Extract / Citrullus Lanatus Fruit Extract, Sodium Hyaluronate, Phenoxyethanol, Acrylates/C10-30 Alkyl Acrylate Crosspolymer, Triethanolamine, Polysorbate 20, Disodium EDTA, Fragrance / Parfum, Citric Acid, Sodium Benzoate, Potassium Sorbate, Acid Red 33 / CI 17200.",4.0,100.0,18.99,18.99,Revuele,0.0,"water,water, glycerin, watermelon fruit extract,citrullus lanatus fruit extract, sodium hyaluronate, phenoxyethanol, acrylates,c10 - 30 alkyl acrylate crosspolymer, triethanolamine, polysorbate 20, disodium edta, fragrance,parfum, citric acid, sodium benzoate, potassium sorbate, acid red 33,ci 17200."
Ziaja Oliwkowy,"krem do twarzy o lekkiej formule do cery suchej i normalnej na dzień i na noc, 200 ml",17,10.79,10.79,/ziaja-krem-do-twarzy-o-lekkiej-formule-200ml-000000000000215308.html,"Kojące,
Nawilżające,
Ochronne,
Regenerujące","Aqua (Water),Isohexadecane,Paraffinum Liquidum (Mineral Oil),Glycerin,Sorbitan Sesquioleate,Diisostearoyl Polyglyceryl-3 Dimer Dilinoleate,Butyrospermum Parkii (Shea) Butter,Ceresin,Dimethicone,Magnesium Sulfate,Olea Europaea (Olive) Fruit Oil,Propylene Glycol,Hydrogenated Castor Oil,Sodium Benzoate,Parfum (Fragrance),Citronellol,Geraniol,Hexyl Cinnamal,Linalool,Benzyl Salicylate,Benzyl Alcohol,Hydroxycitronellal,Limonene,Amyl Cinnamal,Cinnamyl Alcohol,Citral,Citric Acid",4.6,200.0,5.4,5.4,Ziaja,0.0,"water (water),isohexadecane, paraffinum liquidum (mineraloil),glycerin, sorbitan sesquioleate, diisostearoyl polyglyceryl-3 dimer dilinoleate, butyrospermum parkii (shea) butter, ceresin, dimethicone, magnesium sulfate, olea europaea (olive) fruit oil, propylene glycol, hydrogenated castor oil, sodium benzoate, parfum (fragrance),citronellol, geraniol, hexyl cinnamal, linalool, benzyl salicylate, benzyl alcohol, hydroxycitronellal, limonene, amyl cinnamal, cinnamyl alcohol, citral, citric acid"
Eveline Cosmetics Retinol&Niacynamid,"krem do twarzy 50+ z SPF20 na dzień, 50 ml",7,37.99,37.99,/eveline-cosmetics-krem-do-twarzy-50-z-spf20-na-dzien-50-ml-000000000000429702.html,ochrona UV,"""Aqua (Water), Ethylhexyl Methoxycinnamate, Caprylic/Capric Triglyceride, Glycerin, Glyceryl Stearate, PEG-100 Stearate, C12-15 Alkyl Benzoate, Cetyl Alcohol, Methylene Bis-Benzotriazolyl Tetramethylbutylphenol (nano), Dicaprylyl Ether, Butyl Methoxydibenzoylmethane, Dimethicone, Prunus Amygdalus Dulcis Oil, Bis-Ethylhexyloxyphenol Methoxyphenyl Triazine, Retinyl Palmitate, Niacinamide, Vegetable Collagen, Resveratrol, Acetyl Hexapeptide-8, Betaine, Tocopheryl Acetate, Squalane, Leuconostoc/Radish Root Ferment Filtrate, Tocopherol, Phenoxyethanol, Ethylhexylglycerin, Hydroxyacetophenone, Parfum (Fragrance), Propylene Glycol, Caprylyl Glycol, Decyl Glucoside, Hydroxypropyl Cyclodextrin, Cyclodextrin, Polydextrose, Triethanolamine, Acrylates/C10-30 Alkyl Acrylate Crosspolymer, Xanthan Gum, Sodium Polyacrylate, BHT, Coumarin, Limonene, Geraniol, Hexyl Cinnamal, Linalool",4.8,50.0,75.98,75.98,Eveline Cosmetics,0.0,""" water (water), ethylhexyl methoxycinnamate, caprylic,capric triglyceride, glycerin, glyceryl stearate, peg-100 stearate, c12 - 15 alkyl benzoate, cetyl alcohol, methylene bis - benzotriazolyl tetramethylbutylphenol (nano), dicaprylyl ether, butyl methoxydibenzoylmethane, dimethicone, prunus amygdalus dulcis oil, bis - ethylhexyloxyphenol methoxyphenyl triazine, retinyl palmitate, niacinamide, vegetable collagen, resveratrol, acetyl hexapeptide-8, betaine, tocopheryl acetate, squalane, leuconostoc,radish root ferment filtrate, tocopherol, phenoxyethanol, ethylhexylglycerin, hydroxyacetophenone, parfum (fragrance), propylene glycol, caprylyl glycol, decyl glucoside, hydroxypropyl cyclodextrin, cyclodextrin, polydextrose, triethanolamine, acrylates,c10 - 30 alkyl acrylate crosspolymer, xanthan gum, sodium polyacrylate, bht, coumarin, limonene, geraniol, hexyl cinnamal, linalool"
Bioliq 25+,"krem nawilżająco-matujący do cery mieszanej 25+, 50 ml",11,16.79,23.99,/bioliq-krem-nawilzajaco-matujacy-do-cery-mieszanej-25-50ml-000000000000278197.html,nawilżający,"Aqua,Cetearyl Ethylhexanoate,Cyclopentasiloxane,Cetyl Alcohol,Isohexadecane,Macadamia Integrifolia Seed Oil,Glycerin,Polyacrylamide/ Hydrogenated Polydecene/ Laureth-7,Glyceryl Stearate Citrate,Stearyl Alcohol,Aloe Barbadensis Leaf Juice,Glycerin/ Alcohol/ Cimicifuga Racemosa Root Extract,Aqua/ PEG-60 Alomnd Glycerides/ Butylene Glycol/ Caprylyl Glycol/ Carbomer/ Glycerin/ Nordihydroguaiaretic Acid/ Oleanolic Acid,Glycerin/ Camellia Sinensis Leaf Extract,Dimethicone,Phenoxyethanol/Ethylhexylglycerin,Alcohol/ Onopordum Acanthium Flower/Leaf/ Stem Extract,Tocopherol,Disodium EDTA,Lactic Acid,Parfum,BHA",4.6,50.0,47.98,33.58,Bioliq,30.012505210504376,"water, cetearyl ethylhexanoate, cyclopentasiloxane, cetyl alcohol, isohexadecane, macadamia integrifolia seed oil, glycerin, polyacrylamide/ hydrogenate polydecene/ laureth-7,glyceryl stearate citrate, stearyl alcohol, aloe barbadensis leaf juice, glycerin/ alcohol/ cimicifuga racemosa root extract, water/ peg-60 alomnd glycerides/ butylene glycol/ caprylyl glycol/ carbomer/ glycerin/ nordihydroguaiaretic acid/ oleanolic acid, glycerin/ camellia sinensis leaf extract, dimethicone, phenoxyethanol,ethylhexylglycerin, alcohol/ onopordum acanthium flower,leaf/ stem extract, tocopherol, disodium edta, lactic acid, parfum, bha"
Dr Irena Eris Clinic Way,"dermokrem do twarzy intensywnie rewitalizujący na dzień 40+, 50 ml",76,134.99,134.99,/dr-irena-eris-dermokrem-do-twarzy-intensywnie-rewitalizujacy-na-dzien-40-50-ml-000000000000367673.html,Uelastyczniające,"INCI: Aqua (Water), Ethylhexyl Salicylate, Cetearyl Alcohol, Glycerin, Pentylene Glycol, Ethylhexyl Triazone, Isododecane, Butyl Methoxydibenzoylmethane, C12-15 Alkyl Benzoate, Cetyl Alcohol, Isopropyl Isostearate, Dimethicone, Hydrogenated Olive Oil Decyl Esters, Prunus Persica (Peach) Kernel Oil, Tocopheryl Acetate, Lonicera Caprifolium (Honeysuckle) Flower Extract, Lonicera Japonica (Honeysuckle) Flower Extract, Glucose, Retinyl Palmitate, Calcium Hydroxide, SH-Polypeptide-11, Tocopherol, Polysilicone-11, C13-14 Isoparaffin, Squalane, Helianthus Annuus (Sunflower) Seed Oil, Cetearyl Glucoside, Polyacrylamide, Glyceryl Behenate, Laureth-7, Citric Acid, Phytic acid, Polyglyceryl-3 Methylglucose Distearate, Ethylhexylglycerin, Sodium Chloride, Disodium Phosphate, Potassium Chloride, Potassium Phosphate, Potassium Sorbate, Sodium Benzoate, Parfum (Fragrance).",5.0,50.0,269.98,269.98,Dr Irena Eris,0.0,"inci: water (water), ethylhexyl salicylate, cetearyl alcohol, glycerin, pentylene glycol, ethylhexyl triazone, isododecane, butyl methoxydibenzoylmethane, c12 - 15 alkyl benzoate, cetyl alcohol, isopropyl isostearate, dimethicone, hydrogenate olive oil decyl esters, prunus persica (peach) kernel oil, tocopheryl acetate, lonicera caprifolium (honeysuckle) flower extract, lonicera japonica (honeysuckle) flower extract, glucose, retinyl palmitate, calcium hydroxide, sh - polypeptide-11, tocopherol, polysilicone-11, c13 - 14 isoparaffin, squalane, helianthus annuus (sunflower) seed oil, cetearyl glucoside, polyacrylamide, glyceryl behenate, laureth-7, citric acid, phytic acid, polyglyceryl-3 methylglucose distearate, ethylhexylglycerin, sodium chloride, disodium phosphate, potassium chloride, potassium phosphate, potassium sorbate, sodium benzoate, parfum (fragrance)."
Floslek Oil Free,"ochronny krem BB matujący z filtrem SPF50+, 30 ml",9,39.99,39.99,/floslek-ochronny-krem-bb-matujacy-z-filtrem-spf50-30-ml-000000000000437870.html,ochrona UV,"Ingredients/(INCI): Aqua*, Bis-Ethylhexyloxyphenol Methoxyphenyl Triazine, Ethylhexyl Triazone, Diethylamino Hydroxybenzoyl Hexyl Benzoate, Isoamyl Laurate, Butylene Glycol Dicaprylate/Dicaprate*, Glyceryl Stearate*, CI 77891, Pentylene Glycol*, Glycerin*, Polyurethane - 34, Cetearyl Alcohol*, Potassium Cetyl Phosphate, Octyldodecanol*, Niacinamide, Faex Extract*, Aesculus Hippocastanum Seed Extract*, Ammonium Glycyrrhizate*, Panthenol, Zinc Gluconate*, Caffeine, Biotin, Tocopheryl Acetate, Caprylyl Glycol, Citric Acid*, Sodium Citrate*, Sodium Acrylate/Acryloyldimethyltaurate/Dimethylacrylamide Crosspolymer, Caprylyl/Capryl Glucoside, Sorbitan Isostearate, Methylpropanediol, Phenylpropanol, Decylene Glycol, CI 77492, CI 77499, CI 77491, Alumina, Magnesium Oxide*, Triethoxycaprylylsilane, Sodium Phytate*, o-Cymen-5-ol, Parfum.
*składniki pochodzenia naturalnego / ingredients of natural origin",4.8,30.0,133.3,133.3,Floslek,0.0,"ingredients/(inci): water *, bis - ethylhexyloxyphenol methoxyphenyl triazine, ethylhexyl triazone, diethylamino hydroxybenzoyl hexyl benzoate, isoamyl laurate, butylene glycol dicaprylate,dicaprate *, glyceryl stearate *, ci 77891, pentylene glycol *, glycerin *, polyurethane - 34, cetearyl alcohol *, potassium cetyl phosphate, octyldodecanol *, niacinamide, faex extract *, aesculus hippocastanum seed extract *, ammonium glycyrrhizate *, panthenol, zinc gluconate *, caffeine, biotin, tocopheryl acetate, caprylyl glycol, citric acid *, sodium citrate *, sodium acrylate,acryloyldimethyltaurate,dimethylacrylamide crosspolymer, caprylyl,capryl glucoside, sorbitan isostearate, methylpropanediol, phenylpropanol, decylene glycol, ci 77492, ci 77499, ci 77491, alumina, magnesium oxide *, triethoxycaprylylsilane, sodium phytate *, o - cymen-5 - ol, parfum. 
 * składniki pochodzenia naturalnego,ingredient of natural origin"
Ziaja,"aktywny krem BB do twarzy na niedoskonałości dla skóry normalnej i suchej SPF15 naturalny, 50 ml",37,11.99,11.99,/ziaja-aktywny-krem-do-twarzy-na-niedoskonalosci-spf-15-50ml-000000000000260329.html,ochrona UV,"Aqua (Water),C12-15 Alkyl Benzoate,Dimethicone,Triethylhexanoin,Diethylamino Hydroxybenzoyl Hexyl Benzoate,Ethylhexyl Triazone,Dicaprylyl Ether,Glycerin,Hexyl Laurate,Potassium Cetyl Phosphate,Propylene Glycol,Cetyl Alcohol,Glyceryl Stearate,PEG-100 Stearate,Hydrogenated Dimer Dilinoleyl/Dimethylcarbonate Copolymer,Hydrolyzed Caesalpinia Spinosa Gum,Caesalpinia Spinosa Gum,Tocopheryl Acetate,Panthenol,Sodium Hyaluronate,Carbomer,Sodium Polyacrylate,Disodium EDTA,Hydroxyacetophenone,Methylparaben,Parfum (Fragrance),Limonene,Hexyl Cinnamal,Citronellol,Alpha-Isomethyl Ionone,Linalool,Geraniol,Sodium Hydroxide,CI 77891 (Titanium Dioxide),CI 77492,CI 77491,CI 77499",4.1,50.0,23.98,23.98,Ziaja,0.0,"water (water),c12 - 15 alkyl benzoate, dimethicone, triethylhexanoin, diethylamino hydroxybenzoyl hexyl benzoate, ethylhexyl triazone, dicaprylyl ether, glycerin, hexyl laurate, potassium cetyl phosphate, propylene glycol, cetyl alcohol, glyceryl stearate, peg-100 stearate, hydrogenated dimer dilinoleyl,dimethylcarbonate copolymer, hydrolyzed caesalpinia spinosa gum, caesalpinia spinosa gum, tocopheryl acetate, panthenol, sodium hyaluronate, carbomer, sodium polyacrylate, disodium edta, hydroxyacetophenone, methylparaben, parfum (fragrance),limonene, hexyl cinnamal, citronellol, alpha - isomethyl ionone, linalool, geraniol, sodium hydroxide, ci 77891 (titaniumdioxide),ci 77492,ci 77491,ci 77499"
La Roche-Posay Cicaplast Baume B5+,"silnie regenerujący balsam kojący do ciała i twarzy niemowląt, dzieci i dorosłych, 100 ml",46,69.99,69.99,/la-roche-posay-silnie-regenerujacy-balsam-kojacy-do-ciala-i-twarzy-niemowlat-dzieci-i-doroslych-100-ml-000000000000424808.html,regenerujący,AQUA / WATER • HYDROGENATED POLYISOBUTENE • DIMETHICONE • GLYCERIN • BUTYROSPERMUM PARKII BUTTER / SHEA BUTTER • PANTHENOL • ZEA MAYS STARCH / CORN STARCH • PROPANEDIOL • BUTYLENE GLYCOL • CETYL PEG/PPG-10/1 DIMETHICONE • TRIHYDROXYSTEARIN • CENTELLA ASIATICA LEAF EXTRACT • POLYMNIA SONCHIFOLIA ROOT JUICE • ZINC GLUCONATE • MADECASSOSIDE • MANGANESE GLUCONATE • ALPHA-GLUCAN OLIGOSACCHARIDE • SILICA • ALUMINUM HYDROXIDE • MAGNESIUM SULFATE • MANNOSE • CAPRYLOYL GLYCINE • CAPRYLYL GLYCOL • VITREOSCILLA FERMENT • CITRIC ACID • TRISODIUM ETHYLENEDIAMINE DISUCCINATE • LACTOBACILLUS • ACETYLATED GLYCOL STEARATE • MALTODEXTRIN • POLYGLYCERYL-4 ISOSTEARATE • TOCOPHEROL • PENTAERYTHRITYL TETRA-DI-T-BUTYL HYDROXYHYDROCINNAMATE • CI 77891 / TITANIUM DIOXIDE (F.I.L. Z70011475/1).,5.0,100.0,69.99,69.99,La Roche-Posay,0.0,",,hydrogenate polyisobutene,dimethicone,glycerin,butyrospermum parkii butter,shea butter,panthenol,zea mays starch,corn starch,propanediol,butylene glycol,cetyl peg,ppg-10/1 dimethicone,trihydroxystearin,centella asiatica leaf extract,polymnia sonchifolia root juice,zinc gluconate,madecassoside,manganese gluconate,alpha - glucan oligosaccharide,silica,aluminum hydroxide,magnesium sulfate,mannose,capryloyl glycine,caprylyl glycol,vitreoscilla ferment,citric acid,trisodium ethylenediamine disuccinate,lactobacillus,acetylate glycol stearate,maltodextrin,polyglyceryl-4 isostearate,tocopherol,pentaerythrityl tetra - di - t - butyl hydroxyhydrocinnamate,ci 77891,titanium dioxide f.i.l.z70011475/1."
La Roche-Posay Hydraphase Rich,"krem intensywnie nawilżający z czystym kwasem hialuronowym o bogatej konsystencji, 50 ml",13,115.99,115.99,/la-roche-posay-krem-intensywnie-nawilzajacy-z-czystym-kwasem-hialuronowym-o-bogatej-konsystencji-50-ml-000000000000384989.html,nawilżający,"Aqua /water / Eau, Glycerin, Isopropyl Palmitate, Butyrospermum Parkii Butter / Shea Butter, Lauroyl Lysine, Cetyl Alcohol, Urea, Peg-100 Stearate, Glyceryl Stearate, Cera Alba / Beeswax / Cire Dabeille, Pentylene Glycol, Stearic Acid, Carbomer, Glyceryl Acrylate/acrylic Acid Copolymer, Sodium Hyaluronate, Sodium Hydroxide, Myristic Acid, Palmitic Acid, Hydrolyzed Hyaluronic Acid, Caprylyl Glycol, Citric Acid, Trisodium Ethylenediamine Disuccinate, Xanthan Gum, Polysorbate 60, Pentaerythrityl Tetra-di-t-butyl, Hydroxyhydrocinnamate, Chlorphenesin, Parfum / Fragrance.",4.9,50.0,231.98,231.98,La Roche-Posay,0.0,"water /water,eau, glycerin, isopropyl palmitate, butyrospermum parkii butter,shea butter, lauroyl lysine, cetyl alcohol, urea, peg-100 stearate, glyceryl stearate, cera alba,beeswax,cire dabeille, pentylene glycol, stearic acid, carbomer, glyceryl acrylate,acrylic acid copolymer, sodium hyaluronate, sodium hydroxide, myristic acid, palmitic acid, hydrolyzed hyaluronic acid, caprylyl glycol, citric acid, trisodium ethylenediamine disuccinate, xanthan gum, polysorbate 60, pentaerythrityl tetra - di - t - butyl, hydroxyhydrocinnamate, chlorphenesin, parfum,fragrance."
La Roche-Posay Anthelios,"niewidoczna mgiełka do twarzy z filtrem SPF50, 75 ml",56,84.99,84.99,/la-roche-posay-mgielka-do-twarzy-75ml-000000000000311374.html,ochrona UV,"884828 7_x000D_
BUTANE_x000D_
AQUA / WATER_x000D_
HOMOSALATE_x000D_
OCTOCRYLENE_x000D_
GLYCERIN_x000D_
DIMETHICONE_x000D_
ETHYLHEXYL SALICYLATE_x000D_
DICAPRYLYL CARBONATE_x000D_
NYLON-12_x000D_
DIISOPROPYL SEBACATE_x000D_
BUTYL METHOXYDIBENZOYLMETHANE_x000D_
STYRENE/ACRYLATES COPOLYMER_x000D_
p-ANISIC ACID_x000D_
CAPRYLYL GLYCOL_x000D_
CARNOSINE_x000D_
CYCLOHEXASILOXANE_x000D_
DISODIUM EDTA_x000D_
DROMETRIZOLE TRISILOXANE_x000D_
ETHYLHEXYL TRIAZONE_x000D_
METHYL METHACRYLATE CROSSPOLYMER_x000D_
PEG-32_x000D_
PEG-8 LAURATE_x000D_
PHENOXYETHANOL_x000D_
POLY C10-30 ALKYL ACRYLATE_x000D_
POLYGLYCERYL-6 POLYRICINOLEATE_x000D_
SODIUM CHLORIDE_x000D_
SODIUM HYALURONATE_x000D_
TOCOPHEROL_x000D_
PARFUM / FRAGRANCE",4.8,75.0,113.32,113.32,La Roche-Posay,0.0,"884828 7_x000d _ 
 butane_x000d _ 
 water,water_x000d _ 
 homosalate_x000d _ 
 octocrylene_x000d _ 
 glycerin_x000d _ 
 dimethicone_x000d _ 
 ethylhexyl salicylate_x000d _ 
 dicaprylyl carbonate_x000d _ 
 nylon-12_x000d _ 
 diisopropyl sebacate_x000d _ 
 butyl methoxydibenzoylmethane_x000d _ 
 styrene,acrylate copolymer_x000d _ 
 p - anisic acid_x000d _ 
 caprylyl glycol_x000d _ 
 carnosine_x000d _ 
 cyclohexasiloxane_x000d _ 
 disodium edta_x000d _ 
 drometrizole trisiloxane_x000d _ 
 ethylhexyl triazone_x000d _ 
 methyl methacrylate crosspolymer_x000d _ 
 peg-32_x000d _ 
 peg-8 laurate_x000d _ 
 phenoxyethanol_x000d _ 
 poly c10 - 30 alkyl acrylate_x000d _ 
 polyglyceryl-6 polyricinoleate_x000d _ 
 sodium chloride_x000d _ 
 sodium hyaluronate_x000d _ 
 tocopherol_x000d _ 
 parfum,fragrance"
Bielenda Professional Aqua Porin,"nawilżający krem do twarzy, 50 ml",5,79.99,79.99,/bielenda-professional-nawilzajacy-krem-do-twarzy-50-ml-000000000000413840.html,nawilżający,"Aqua (Water),Ethylhexyl Cocoate,Caprylic/Capric Triglyceride,Coco-Caprylate/Caprate,Sorbitan Stearate,Glyceryl Stearate,Cetearyl Alcohol,Macadamia Integrifolia Seed Oil,Aleurites Moluccana Seed Oil,Trehalose,Betaine,Glycerin,Glycine Soja (Soybean) Sterols,Tocopheryl Acetate,Dimethicone,Sorbityl Laurate,Ceramide NP,Salicornia Herbacea Extract,Polyglyceryl-10 Laurate,Citric Acid,Plukenetia Volubilis Seed Oil,Olea Europea (Olive) Fruit Oil,Hydroxyethylcellulose,Beta-Sitosterol,Squalene,Ascorbyl Palmitate,Glycine Soja (Soybean) Oil,Tocopherol,Disodium Phosphate,Sodium Phosphate,Polysorbate 60,Disodium EDTA,Ethylhexylglycerin,Benzyl Alcohol,Phenoxyethanol,Parfum (Fragrance),Hexyl Cinnamal,Citronellol,Limonene,Linalool",5.0,50.0,159.98,159.98,Bielenda,0.0,"water (water),ethylhexyl cocoate, caprylic,capric triglyceride, coco - caprylate,caprate, sorbitan stearate, glyceryl stearate, cetearyl alcohol, macadamia integrifolia seed oil, aleurites moluccana seed oil, trehalose, betaine, glycerin, glycine soja (soybean) sterols, tocopheryl acetate, dimethicone, sorbityl laurate, ceramide np, salicornia herbacea extract, polyglyceryl-10 laurate, citric acid, plukenetia volubilis seed oil, olea europea (olive) fruit oil, hydroxyethylcellulose, beta - sitosterol, squalene, ascorbyl palmitate, glycine soja (soybean) oil, tocopherol, disodium phosphate, sodium phosphate, polysorbate 60,disodium edta, ethylhexylglycerin, benzyl alcohol, phenoxyethanol, parfum (fragrance),hexyl cinnamal, citronellol, limonene, linalool"
Alma K.,"krem do twarzy SPF30, 50 ml",8,104.99,154.99,/alma-k.-krem-do-twarzy-spf30-50-ml-000000000000410632.html,ochrona UV,"Aqua (Water), Homosalate, Ethylhexyl Salicylate, Glycerin, Styrene/Acrylates Copolymer, Butyl Methoxydibenzoylmethane, Coco-Caprylate, Caprylic/Capric Triglyceride, Octocrylene, Cetearyl Alcohol, Behenyl Alcohol, Diethylhexyl 2,6-Naphthalate, Glyceryl Stearate, PEG-100 Stearate, Potassium Cetyl Phosphate, Bakuchiol, Sodium Hyaluronate (Hyaluronic Acid), Ascorbyl Glucoside (Vit. C), Maris Sal (Dead Sea Salt), Aloe Barbadensis (Aloe Vera) Leaf Juice, Argania Spinosa (Argan) Kernel Oil, Olea Europaea (Olive) Fruit Oil, Prunus Amygdalus Dulcis (Sweet Almond) Oil, Simmondsia Chinensis (Jojoba) Seed Oil, Chamomilla Recutita (Chamomile) Flower Extract, Aspalathus Linearis (Rooibos) Leaf Extract, Melissa Officinalis (Lemon Balm) Leaf Extract, Tilia Cordata (Linden) Flower Extract, Cocos Nucifera (Coconut) Oil, Panthenol (Provitamin B5), Tocopheryl Acetate (Vit. E), Bisabolol, Hydrogenated Palm Glycerides, Silica, Maltodextrin, Phenoxyethanol, Cetearyl Glucoside, Parfum (Fragrance), Triethanolamine, Ethylhexylglycerin, Disodium EDTA, BHT, Potassium Sorbate, Sodium Benzoate, Xanthan Gum.",4.5,50.0,309.98,209.98,Alma K.,32.26014581585909,"water (water), homosalate, ethylhexyl salicylate, glycerin, styrene,acrylates copolymer, butyl methoxydibenzoylmethane, coco - caprylate, caprylic,capric triglyceride, octocrylene, cetearyl alcohol, behenyl alcohol, diethylhexyl 2,6 - naphthalate, glyceryl stearate, peg-100 stearate, potassium cetyl phosphate, bakuchiol, sodium hyaluronate (hyaluronicacid), ascorbyl glucoside (vit.c), maris sal (deadseasalt), aloe barbadensis (aloevera) leaf juice, argania spinosa (argan) kernel oil, olea europaea (olive) fruit oil, prunus amygdalus dulcis (sweetalmond) oil, simmondsia chinensis (jojoba) seed oil, chamomilla recutita (chamomile) flower extract, aspalathus linearis (rooibos) leaf extract, melissa officinalis (lemonbalm) leaf extract, tilia cordata (linden) flower extract, cocos nucifera (coconut) oil, panthenol (provitaminb5), tocopheryl acetate (vit.e), bisabolol, hydrogenated palm glycerides, silica, maltodextrin, phenoxyethanol, cetearyl glucoside, parfum (fragrance), triethanolamine, ethylhexylglycerin, disodium edta, bht, potassium sorbate, sodium benzoate, xanthan gum."
Ava Botanical Hitech,"odmładzający krem do twarzy na noc, 50 ml",5,53.99,53.99,/ava-odmladzajacy-krem-do-twarzy-na-noc-50-ml-000000000000387169.html,odmładzający,"Aqua, Glycerin, Persea Gratissima Oil, Polyglyceryl-4 Laurate, Cetearyl Alcohol, Stearic Acid, Polyglyceryl-2 Stearate, Prunus Amygdalus Dulcis Oil, Polyglyceryl-6 Laurate, Octyldodecyl Oleate, Olus Oil, Macadamia Ternifolia Seed Oil, Glyceryl Stearate, Stizolophus Balsamita Flower Extract, Stearyl Alcohol, Larix Gmelinii Wood Extract, Octyldodecyl Stearoyl Stearate, Centella Asiatica Leaf Extract, Juglans Regia Shell Extract, Pyrus Germanica Extract, Beta-Sitosterol, Tricaprylin, Squalene, Oleic Acid, Retinyl Palmitate, Argania Spinosa Callus Culture Extract, Lecithin, Xanthan Gum, Zea Mays Starch, Glycine Soja Oil, Isomalt, Polymethyl Methacrylate, Polyhydroxystearic Acid, Tocopherol, Palmitic Acid, Octyldodecanol, Phenoxyethanol, Ethylhexylglycerin, BHT, Sodium Hydroxide, Sodium Benzoate, Parfum",4.200000000000001,50.0,107.98,107.98,Ava,0.0,"water, glycerin, persea gratissima oil, polyglyceryl-4 laurate, cetearyl alcohol, stearic acid, polyglyceryl-2 stearate, prunus amygdalus dulcis oil, polyglyceryl-6 laurate, octyldodecyl oleate, olus oil, macadamia ternifolia seed oil, glyceryl stearate, stizolophus balsamita flower extract, stearyl alcohol, larix gmelinii wood extract, octyldodecyl stearoyl stearate, centella asiatica leaf extract, juglans regia shell extract, pyrus germanica extract, beta - sitosterol, tricaprylin, squalene, oleic acid, retinyl palmitate, argania spinosa callus culture extract, lecithin, xanthan gum, zea mays starch, glycine soja oil, isomalt, polymethyl methacrylate, polyhydroxystearic acid, tocopherol, palmitic acid, octyldodecanol, phenoxyethanol, ethylhexylglycerin, bht, sodium hydroxide, sodium benzoate, parfum"
Basiclab Protecticus,"emulsja do twarzy SPF50+, 50 ml",57,109.99,139.99,/basiclab-emulsja-do-twarzy-spf50-50-ml-000000000000388880.html,ochrona UV,"Aqua, Bis-Ethylhexyloxyphenol Methoxyphenyl Triazine, Diethylamino Hydroxybenzoyl Hexyl Benzoate, Dibutyl Adipate, Methylene Bis-Benzotriazolyl Tetramethylbutylphenol (nano), Propylheptyl Caprylate, Potassium Cetyl Phosphate, Glyceryl Stearate Citrate, Pentylene Glycol, Shea Butter Ethyl Esters, Silica, Propanediol, Cetearyl Alcohol, Glycerin, Vaccinium Vitis-Idaea Fruit Extract, Ascorbyl Tetraisopalmitate, Cannabis Sativa Seed Oil, Gluconolactone, Inulin, Tocopherol, Alpha-Glucan Oligosaccharide, Sebacic Acid, Cucumis Sativus Fruit Extract, Calcium Gluconate, 10-Hydroxydecanoic Acid, Hydroxyacetophenone, 1,10-Decanediol, Propylene Glycol, Decyl Glucoside, Xanthan Gum, Citric Acid, Butylene Glycol, Levulinic Acid, Sodium Levulinate, Sodium Benzoate, Potassium Sorbate.",3.6,50.0,279.98,219.98,Basiclab,21.43010215015359,"water, bis - ethylhexyloxyphenol methoxyphenyl triazine, diethylamino hydroxybenzoyl hexyl benzoate, dibutyl adipate, methylene bis - benzotriazolyl tetramethylbutylphenol (nano), propylheptyl caprylate, potassium cetyl phosphate, glyceryl stearate citrate, pentylene glycol, shea butter ethyl esters, silica, propanediol, cetearyl alcohol, glycerin, vaccinium vitis - idaea fruit extract, ascorbyl tetraisopalmitate, cannabis sativa seed oil, gluconolactone, inulin, tocopherol, alpha - glucan oligosaccharide, sebacic acid, cucumis sativus fruit extract, calcium gluconate, 10 - hydroxydecanoic acid, hydroxyacetophenone, 1,10 - decanediol, propylene glycol, decyl glucoside, xanthan gum, citric acid, butylene glycol, levulinic acid, sodium levulinate, sodium benzoate, potassium sorbate."
Ziaja med,"nawilżający lano-krem do twarzy na dzień i noc, 50 ml",9,19.99,19.99,/ziaja-med-nawilzajacy-lano-krem-do-twarzy-na-dzien-i-noc-50-ml-000000000000249889.html,nawilżający,"Aqua (Water),Hexyl Laurate,Isononyl Isononanoate,Lanolin,Glycerin,Diisostearoyl Polyglyceryl-3 Dimer Dilinoleate,Dimethicone,Magnesium Sulfate,Macadamia Ternifolia Seed Oil,Gossypium Herbaceum (Cotton) Seed Oil,Squalane,Olea Europaea (Olive) Fruit Oil,Sodium Hyaluronate,Cera Alba (Beeswax),Hydrogenated Castor Oil,Sodium Benzoate",5.0,50.0,39.98,39.98,Ziaja,0.0,"water (water),hexyl laurate, isononyl isononanoate, lanolin, glycerin, diisostearoyl polyglyceryl-3 dimer dilinoleate, dimethicone, magnesium sulfate, macadamia ternifolia seed oil, gossypium herbaceum (cotton) seed oil, squalane, olea europaea (olive) fruit oil, sodium hyaluronate, cera alba (beeswax),hydrogenated castor oil, sodium benzoate"
beBIO Ewa Chodakowska,"hipoalergiczny krem do twarzy na dzień i noc, 50 ml",19,39.99,39.99,/bebio-hipoalergiczny-krem-do-twarzy-na-dzien-i-noc-50-ml-000000000000401431.html,Nawilżające,"Aqua,Isoamyl Cocoate,Polyglyceryl-3 Stearate,Glycerin,Caprylic/Capric Triglyceride,Aloe Barbadensis Leaf Juice,Prunus Amygdalus Dulcis Oil,Glyceryl Stearate,Linum Usitatissimum Seed Extract,Butyrospermum Parkii Butter,Cetearyl Alcohol,Camellia Sinensis Leaf Extract,Phalaenopsis Amabilis Extract,Tocopherol,Helianthus Annuus Seed Oil,Argania Spinosa Kernel Oil,Sodium Stearoyl Lactylate,Pentylene Glycol,Xanthan Gum,Caprylyl Glycol,Sodium Phytate,Triethyl Citrate,Citric Acid,Sodium Hydroxide,Benzoic Acid,Sodium Benzoate,Potassium Sorbate",4.5,50.0,79.98,79.98,beBIO,0.0,"water, isoamyl cocoate, polyglyceryl-3 stearate, glycerin, caprylic,capric triglyceride, aloe barbadensis leaf juice, prunus amygdalus dulcis oil, glyceryl stearate, linum usitatissimum seed extract, butyrospermum parkii butter, cetearyl alcohol, camellia sinensis leaf extract, phalaenopsis amabilis extract, tocopherol, helianthus annuus seed oil, argania spinosa kernel oil, sodium stearoyl lactylate, pentylene glycol, xanthan gum, caprylyl glycol, sodium phytate, triethyl citrate, citric acid, sodium hydroxide, benzoic acid, sodium benzoate, potassium sorbate"
Delia My Cream,"baza do kremu do twarzy ultra soft, 40 ml",9,19.99,19.99,/delia-baza-do-kremu-do-twarzy-ultra-soft-40-ml-000000000000380343.html,Odżywcze,"Aqua,Glycerin,Caprylic/Capric Triglyceride,Tripelargonin,Distarch Phosphate,Dicaprylyl Ether,Isoamyl Laurate,Isostearyl Isostearate,Butyrospermum Parkii Butter,Glyceryl Stearate Citrate,Cetearyl Alcohol,Sodium Polyacrylate,1,2-Hexanediol,Caprylyl Glycol,Hydroxyacetophenone,Parfum,Citric Acid,Tocopherol,Beta-Sitosterol,Squalene,Glycine Soja Oil,Alpha-Isomethyl lonone,Benzyl Salicylate,Citronellol,Hexyl Cinnamal,Hydroxycitronellal,Limonene,Linalool",4.4,40.0,49.97,49.97,Delia,0.0,"water, glycerin, caprylic,capric triglyceride, tripelargonin, distarch phosphate, dicaprylyl ether, isoamyl laurate, isostearyl isostearate, butyrospermum parkii butter, glyceryl stearate citrate, cetearyl alcohol, sodium polyacrylate,1,2 - hexanediol, caprylyl glycol, hydroxyacetophenone, parfum, citric acid, tocopherol, beta - sitosterol, squalene, glycine soja oil, alpha - isomethyl lonone, benzyl salicylate, citronellol, hexyl cinnamal, hydroxycitronellal, limonene, linalool"
Pharmaceris T Sebo-Almond Peel 5%,"krem z 5% kwasem migdałowym na noc I stopień złuszczania, 50 ml",7,58.99,58.99,/pharmaceris-krem-z-5-kwasem-migdalowym-na-noc-i-stopien-zluszczania-50-ml-000000000000225468.html,Złuszczające,"5% kwasu migdałowego – aromatyczny hydroksykwas o działaniu antybakteryjnym. Działa złuszczająco i regenerująco na naskórek. Reguluje proces powstawania zaskórników, zmniejszając ich widoczność oraz częstotliwość pojawiania się. Zmniejsza oznaki starzenia się skóry.
Sok z cytryny – wygładza naskórek, wyrównując jego strukturę oraz rozjaśniając koloryt skóry.",4.7,50.0,117.98,117.98,Pharmaceris,0.0,"5 % kwasu migdałowego – aromatyczny hydroksykwa o działaniu antybakteryjnym. działa złuszczająco i regenerująco na naskórek. reguluje proce powstawania zaskórników, zmniejszając ich widoczność oraz częstotliwość pojawiania się. zmniejsza oznaki starzenia się skóry. 
 sok z cytryny – wygładza naskórek, wyrównując jego strukturę oraz rozjaśniając koloryt skóry."
Uzdrovisco Fiołek,"całodniowy krem do twarzy, 50 ml",10,32.99,54.99,/uzdrovisco-calodniowy-krem-do-twarzy-50-ml-000000000000405700.html,"Antybakteryjne,
Łagodzące,
Matujące,
Nawilżające,
Przeciwstarzeniowe,
Seboregulujące,
Wygładzające","'AQUA, COCO CAPRYLATE, PROPANEDIOL, SILICA, DICAPRYLYL ETHER, GLYCERIN, NIACINAMIDE, UNDECANE, TRIPELARGONIN, GLYCERYL STEARATE, GLYCERYL STEARATE CITRATE, CETEARYL ALCOHOL, HYDROGENATED ETHYLHEXYL OLIVATE, VIOLA TRICOLOR EXTRACT, CENTELLA ASIATICA EXTRACT, ZEA MAYS STARCH, XANTHAN GUM, BUTYLENE GLYCOL, HYDROGENATED OLIVE OIL UNSAPONIFIABLES, LYSOLECITHIN, SCLEROTIUM GUM, PULLULAN, ARGININE, RHAMNOSE, BETA SITOSTEROL, GLUCOSE, GLUCURONIC ACID, SQUALENE, GLYCINE SOJA OIL, TOCOPHEROL TETRASODIUM GLUTAMATE DIACETATE, BENZYL ALCOHOL, DEHYDROACETIC ACID, SODIUM BENZOATE, PARFUM'",4.3,50.0,109.98,65.98,Uzdrovisco,40.00727404982724,"' water, coco caprylate, propanediol, silica, dicaprylyl ether, glycerin, niacinamide, undecane, tripelargonin, glyceryl stearate, glyceryl stearate citrate, cetearyl alcohol, hydrogenate ethylhexyl olivate, viola tricolor extract, centella asiatica extract, zea mays starch, xanthan gum, butylene glycol, hydrogenated olive oil unsaponifiables, lysolecithin, sclerotium gum, pullulan, arginine, rhamnose, beta sitosterol, glucose, glucuronic acid, squalene, glycine soja oil, tocopherol tetrasodium glutamate diacetate, benzyl alcohol, dehydroacetic acid, sodium benzoate, parfum '"
Dermika Esthetic Solutions,"przeciwzmarszczkowy krem do twarzy, 50 ml",6,39.99,89.99,/dermika-przeciwzmarszczkowy-krem-do-twarzy-50-ml-000000000000413834.html,przeciwzmarszczkowy,"Aqua,Propanediol,Cocos Nucifera Oil,Olus Oil,Polyglyceryl-3 Dicitrate/Stearate,Caprylic/Capric Triglyceride,Cetearyl Alcohol,Decyl Oleate,Glyceryl Stearate,Inulin,Glyceryl Stearate Citrate,Alpha-Glucan Oligosaccharide,Glycine Soja Oil,Tocopherol,Beta-Sitosterol,Copper tripeptide-1,Hydroxypropy! Cyclodextrin,Sodium Hyaluronate,N-Prolyl Pamitoyl Tripeptide-56 Acetate,Hydrogenated Vegetable Glycerides Citrate,Palmitoyl Tripeptide-38,Glycerin,Pentylene Glycol,Dicaprylyl Ether,Xanthan Gum,Caprylyl Glycol,Disodium Phosphate,Squalene,Ethylhexylglycerin,Phenoxyethanol,Parfum,Linalool,Limonene,Citral",5.0,50.0,179.98,79.98,Dermika,55.56172908100899,"water, propanediol, cocos nucifera oil, olus oil, polyglyceryl-3 dicitrate,stearate, caprylic,capric triglyceride, cetearyl alcohol, decyl oleate, glyceryl stearate, inulin, glyceryl stearate citrate, alpha - glucan oligosaccharide, glycine soja oil, tocopherol, beta - sitosterol, copper tripeptide-1,hydroxypropy! cyclodextrin, sodium hyaluronate, n - prolyl pamitoyl tripeptide-56 acetate, hydrogenated vegetable glycerides citrate, palmitoyl tripeptide-38,glycerin, pentylene glycol, dicaprylyl ether, xanthan gum, caprylyl glycol, disodium phosphate, squalene, ethylhexylglycerin, phenoxyethanol, parfum, linalool, limonene, citral"
Cetaphil DA Ultra,"krem intensywnie nawilżający do twarzy, 85 g",69,49.99,57.99,/cetaphil-krem-nawilzajacy-85g-000000000000225492.html,nawilżający,"Aqua, Glycerin, Isopropyl Palmitate, Helianthus Annuus Seed Oil, Cetearyl Alcohol, Ceteareth-20, Dimethicone, Butyrospermum Parkii Butter, Panthenol, Niacinamide, Tocopheryl Acetate, Sodium PCA, Pantolactone, Glyceryl Stearate, Acrylates/C10-30 Alkyl Acrylate Crosspolymer, Sodium Benzoate, Potassium Sorbate, Citric Acid. FIL.1743.V00",4.6,85.0,68.22,58.81,Cetaphil,13.795481979651663,"water, glycerin, isopropyl palmitate, helianthus annuus seed oil, cetearyl alcohol, ceteareth-20, dimethicone, butyrospermum parkii butter, panthenol, niacinamide, tocopheryl acetate, sodium pca, pantolactone, glyceryl stearate, acrylates,c10 - 30 alkyl acrylate crosspolymer, sodium benzoate, potassium sorbate, citric acid. fil.1743.v00"
Bielenda Professional For Men,"przeciwzmarszczkowy krem energetyzujący do twarzy męski, 50 ml",8,51.99,51.99,/bielenda-professional-przeciwzmarszczkowy-krem-energetyzujacy-do-twarzy-50ml-000000000000351723.html,przeciwzmarszczkowy,.,5.0,50.0,103.98,103.98,Bielenda,0.0,.
Mincer Pharma Contour Architect N1603,"krem rekonstruktor do twarzy na noc, 50 ml",5,62.99,62.99,/mincer-pharma-krem-rekonstruktor-do-twarzy-na-noc-50-ml-000000000000310275.html,Przeciwzmarszczkowe,"Aqua, Cetearyl Olivate, Isostearyl Isostearate, Sorbitan Olivate, Isopropyl Isostearate, Pentaerythrityl Tetraisostearate, Glycerin, Methylpropanediol, Oryza Sativa Bran Oil, Dimethicone, Acacia Seyal Gum Extract, Acetyl Dipeptide-1 Cetyl Ester, Caprooyl Phytosphingosine, Sodium Hyaluronate, Hyaluronic Acid, Niacinamide, Aloe Barbadensis Leaf Extract, Salvia Hispanica Seed Oil, Zea Mays Oil, Sesamum Indicum Seed Oil, Macadamia Integrifolia Seed Oil, Olea Europaea Fruit Oil, Helianthus Annuus Seed Oil, Cetearyl Alcohol, Cetyl Palmitate, Cetyl Ricinoleate, Sodium Polyacrylate, Sorbitan Palmitate, Sorbitan Oleate, Panthenol, Sorbitan Laurate, Hydroxyethylcellulose, Butylene Glycol, Ascorbyl Palmitate, Ascorbic Acid, Tocopherol, Caprylyl Glycol, Phenoxyethanol, Ethylhexylglycerin, Propylene Glycol, Potassium Sorbate, PEG-8, Disodium EDTA, Citric Acid, Parfum.",5.0,50.0,125.98,125.98,Mincer Pharma,0.0,"water, cetearyl olivate, isostearyl isostearate, sorbitan olivate, isopropyl isostearate, pentaerythrityl tetraisostearate, glycerin, methylpropanediol, oryza sativa bran oil, dimethicone, acacia seyal gum extract, acetyl dipeptide-1 cetyl ester, caprooyl phytosphingosine, sodium hyaluronate, hyaluronic acid, niacinamide, aloe barbadensis leaf extract, salvia hispanica seed oil, zea mays oil, sesamum indicum seed oil, macadamia integrifolia seed oil, olea europaea fruit oil, helianthus annuus seed oil, cetearyl alcohol, cetyl palmitate, cetyl ricinoleate, sodium polyacrylate, sorbitan palmitate, sorbitan oleate, panthenol, sorbitan laurate, hydroxyethylcellulose, butylene glycol, ascorbyl palmitate, ascorbic acid, tocopherol, caprylyl glycol, phenoxyethanol, ethylhexylglycerin, propylene glycol, potassium sorbate, peg-8, disodium edta, citric acid, parfum."
Ziaja Sopot Sun,"antyoksydacyjny krem z witaminą C SPF50+ do twarzy, 50 ml",37,20.99,20.99,/ziaja-antyoksydacyjny-krem-z-witamina-c-spf50-do-twarzy-50-ml-000000000000257052.html,ochrona UV,"Aqua (Water),C12-15 Alkyl Benzoate,Bis-Ethylhexyloxyphenol Methoxyphenyl Triazine,Polymethyl Methacrylate,Diethylamino Hydroxybenzoyl Hexyl Benzoate,Triethylhexanoin,Ethylhexyl Salicylate,Ethylhexyl Triazone,Dimethicone,Potassium Cetyl Phosphate,Glycerin,Methylene Bis-Benzotriazolyl Tetramethylbutylphenol (nano),Polyurethane-34,Propylene Glycol,Glyceryl Stearate,PEG-100 Stearate,Cetyl Alcohol,Hydrogenated Dimer Dilinoleyl/ Dimethylcarbonate Copolymer,Lecithin,Butylene Glycol,Tocopheryl Acetate,Ascorbyl Palmitate,Panthenol,Xanthan Gum,Carbomer,Disodium EDTA,Hydroxyacetophenone,Methylparaben,Parfum (Fragrance),Citronellol,Limonene,Sodium Hydroxide",4.1,50.0,41.98,41.98,Ziaja,0.0,"water (water),c12 - 15 alkyl benzoate, bis - ethylhexyloxyphenol methoxyphenyl triazine, polymethyl methacrylate, diethylamino hydroxybenzoyl hexyl benzoate, triethylhexanoin, ethylhexyl salicylate, ethylhexyl triazone, dimethicone, potassium cetyl phosphate, glycerin, methylene bis - benzotriazolyl tetramethylbutylphenol (nano),polyurethane-34,propylene glycol, glyceryl stearate, peg-100 stearate, cetyl alcohol, hydrogenated dimer dilinoleyl/ dimethylcarbonate copolymer, lecithin, butylene glycol, tocopheryl acetate, ascorbyl palmitate, panthenol, xanthan gum, carbomer, disodium edta, hydroxyacetophenone, methylparaben, parfum (fragrance),citronellol, limonene, sodium hydroxide"
Skin79 Water Biome,"krem z probiotykami i prebiotykami do twarzy na dzień, 50 ml",7,119.99,119.99,/skin79-krem-z-probiotykami-i-prebiotykami-do-twarzy-na-dzien-50-ml-000000000000415256.html,Nawilżające,"Water,Glycerin,Methylpropanediol,Butylene Glycol,Caprylic/Capric Triglyceride,1,2-Hexanediol,Arginine,Carbomer,Brassica Oleracea Capitata (Cabbage) Leaf Extract,Allium Cepa (Onion) Bulb Extract,Arctium,Lappa Root Extract,Cichorium Intybus (Chicory) Root Extract,Musa Sapientum (Banana) Fruit Extract,Ethylhexylolycerin,Ammonium Polyacryloyldimethyl Taurate,Acrylates/C10-30 Alkyl Acrylate Crosspolymer,Hydroxyethyl Acrylate/Sodium Acryloyldimethyl Taurate Copolymer,Fragrance,Disodium EDTA,Bifida Ferment Lysate,Lactobacillus Ferment Lysate,Lactobacillus/Milk Ferment Filtrate,Lactococcus Ferment Lysate,Saccharomyces Ferment Lysate Filtrate,Streptococcus Thermophilus Ferment,Sea Water,Sorbitan Isostearate,Maltodextrin,Hydrolyzed Gardenia,Florida Extract,Sodium Hyaluronate,Hydrolyzed Collagen,Hydrolyzed Hyaluronic Acid,Sodium Acetylated Hyaluronate",5.0,50.0,239.98,239.98,Skin79,0.0,"water, glycerin, methylpropanediol, butylene glycol, caprylic,capric triglyceride,1,2 - hexanediol, arginine, carbomer, brassica oleracea capitata (cabbage) leaf extract, allium cepa (onion) bulb extract, arctium, lappa root extract, cichorium intybus (chicory) root extract, musa sapientum (banana) fruit extract, ethylhexylolycerin, ammonium polyacryloyldimethyl taurate, acrylates,c10 - 30 alkyl acrylate crosspolymer, hydroxyethyl acrylate,sodium acryloyldimethyl taurate copolymer, fragrance, disodium edta, bifida ferment lysate, lactobacillus ferment lysate, lactobacillus,milk ferment filtrate, lactococcus ferment lysate, saccharomyces ferment lysate filtrate, streptococcus thermophilus ferment, sea water, sorbitan isostearate, maltodextrin, hydrolyzed gardenia, florida extract, sodium hyaluronate, hydrolyzed collagen, hydrolyzed hyaluronic acid, sodium acetylated hyaluronate"
AA Baby Soft,"nawilżający krem do twarzy, 75 ml",6,18.99,18.99,/aa-nawilzajacy-krem-do-twarzy-75-ml-000000000000371567.html,nawilżający,"Aqua,Butyrospermum Parkii Butter,Glycerin,Dicaprylyl Carbonate,Myristyl Myristate,Octyldodecanol,Cetyl Alcohol,Glyceryl Stearate,Glyceryl Stearate Citrate,Passiflora Incarnata Seed Oil,Hippophae Rhamnoides Seed Oil,Rosmarinus Officinalis Extract,Tocopheryl Acetate,Helianthus Annuus Seed Oil,Cucurbita Pepo Seed Extract,Tocopherol,Glyceryl Caprylate,Xanthan Gum,Phenoxyethanol,Citric Acid,Parfum",4.3,75.0,25.32,25.32,AA,0.0,"water, butyrospermum parkii butter, glycerin, dicaprylyl carbonate, myristyl myristate, octyldodecanol, cetyl alcohol, glyceryl stearate, glyceryl stearate citrate, passiflora incarnata seed oil, hippophae rhamnoide seed oil, rosmarinus officinalis extract, tocopheryl acetate, helianthus annuus seed oil, cucurbita pepo seed extract, tocopherol, glyceryl caprylate, xanthan gum, phenoxyethanol, citric acid, parfum"
Mokosh,"ujędrniający krem z różą i jagodą do twarzy, 15 ml",5,41.49,47.99,/mokosh-ujedrniajacy-krem-z-roza-i-jagoda-do-twarzy-15-ml-000000000000407362.html,ujędrniający,"Aqua, Rosa Moschata Seed Oil, Coco-Caprylate/Caprate•,
Triethyl Citrate•, Ascorbyl Tetraisopalmitate, Glycerin, Glyceryl Stearate Citrate•,
Cetearyl Alcohol•, Cellulose•, Glyceryl Stearate•, Caprylic/Capric Triglyceride•,
Argania Spinosa Kernel Oil, Macadamia Ternifolia Seed Oil, Simmondsia Chinensis
(Jojoba) Seed Oil, Vaccinium Vitis-Idaea Fruit Extract, Rosa Damascena Extract,
Passiflora Incarnata Fruit Extract, Vanilla Planifolia Fruit Extract, Rubus Idaeus
(Raspberry) Fruit Extract, Vaccinium Angustifolium (Blueberry) Fruit Extract,
Vitis Vinifera (Grape) Fruit Extract, Gardenia Florida Flower Extract, Lavandula
Angustifolia (Lavender) Flower/Leaf/Stem Extract, Prunus Armeniaca (Apricot)
Fruit Extract, Coffea Arabica (Coffee) Leaf/Seed Extract, Citrus Aurantium Dulcis
(Orange) Fruit Extract, Jasminum Officinale (Jasmine) Flower/Leaf Extract,
Sesamum Indicum Seed Extract, Tocopherol, Helianthus Annuus (Sunflower) Seed
Oil, Xanthan Gum, Dimethyl Isosorbide, Tetrasodium Glutamate Diacetate••, Citric
Acid, Gluconolactone, Calcium Gluconate, Sodium Benzoate, Benzyl Alcohol••,
Dehydroacetic Acid••, Limonene•••",4.3,15.0,319.93,276.6,Mokosh,13.544488435090644,"water, rosa moschata seed oil, coco - caprylate,caprate•, 
 triethyl citrate•, ascorbyl tetraisopalmitate, glycerin, glyceryl stearate citrate•, 
 cetearyl alcohol•, cellulose•, glyceryl stearate•, caprylic,capric triglyceride•, 
 argania spinosa kernel oil, macadamia ternifolia seed oil, simmondsia chinensis 
 (jojoba) seed oil, vaccinium vitis - idaea fruit extract, rosa damascena extract, 
 passiflora incarnata fruit extract, vanilla planifolia fruit extract, rubus idaeus 
 (raspberry) fruit extract, vaccinium angustifolium (blueberry) fruit extract, 
 vitis vinifera (grape) fruit extract, gardenia florida flower extract, lavandula 
 angustifolia (lavender) flower,leaf,stem extract, prunus armeniaca (apricot) 
 fruit extract, coffea arabica (coffee) leaf,seed extract, citrus aurantium dulcis 
 (orange) fruit extract, jasminum officinale (jasmine) flower,leaf extract, 
 sesamum indicum seed extract, tocopherol, helianthus annuus (sunflower) seed 
 oil, xanthan gum, dimethyl isosorbide, tetrasodium glutamate diacetate••, citric 
 acid, gluconolactone, calcium gluconate, sodium benzoate, benzyl alcohol••, 
 dehydroacetic acid••, limonene•••"
Ziaja Sopot Sun,"ochronna emulsja z filtrem SPF30 do twarzy i ciała, 100 ml",6,22.99,22.99,/ziaja-ochronna-emulsja-z-filtrem-spf30-do-twarzy-i-ciala-100-ml-000000000000437748.html,ochrona UV,"Aqua (Water),Bis-Ethylhexyloxyphenol Methoxyphenyl Triazine,Polymethyl Methacrylate,C12-15 Alkyl Benzoate,Cetearyl Ethylhexanoate,Diethylamino Hydroxybenzoyl Hexyl Benzoate,Ethylhexyl Triazone,Hexyl Laurate,Glyceryl Stearate Citrate,Glycerin,Propylene Glycol,Stearyl Alcohol,Dimethicone,Hydrogenated Dimer Dilinoleyl / Dimethylcarbonate Copolymer,Sodium Acrylate / Sodium Acryloyldimethyl Taurate Copolymer,Isohexadecane,Polysorbate 80,Butyrospermum Parkii (Shea) Butter,Tocopheryl Acetate,Panthenol,Glyceryl Caprylate,Xanthan Gum,Disodium EDTA,Hydroxyacetophenone,Sodium Benzoate,Parfum (Fragrance)",4.7,100.0,22.99,22.99,Ziaja,0.0,"water (water),bis - ethylhexyloxyphenol methoxyphenyl triazine, polymethyl methacrylate, c12 - 15 alkyl benzoate, cetearyl ethylhexanoate, diethylamino hydroxybenzoyl hexyl benzoate, ethylhexyl triazone, hexyl laurate, glyceryl stearate citrate, glycerin, propylene glycol, stearyl alcohol, dimethicone, hydrogenated dimer dilinoleyl,dimethylcarbonate copolymer, sodium acrylate,sodium acryloyldimethyl taurate copolymer, isohexadecane, polysorbate 80,butyrospermum parkii (shea) butter, tocopheryl acetate, panthenol, glyceryl caprylate, xanthan gum, disodium edta, hydroxyacetophenone, sodium benzoate, parfum (fragrance)"
L'Oréal Paris Revitalift,"żel z kwasem glikolowym do mycia twarzy, 150 ml",10,20.99,34.99,/loreal-paris-zel-z-kwasem-glikolowym-do-mycia-twarzy-150-ml-000000000000410399.html,"Wygładzające,
Złuszczające","Aqua/Water, Coco-Betaine, Propylene Glycol, Peg-120 Methyl Glucose Dioleate, Sorbitol, Glycerin, Glycolic Acid, Triethanolamine, Sodium Laureth Sulfate, Sodium Chloride, Disteareth-100 IPDI, Parfum/Fragrance, Salicylic Acid, Capryloyl Salicylic Acid, Menthol, Aloe Barbadensis Leaf Juice, Disodium EDTA, Linalool, Steareth-100, Citronellol, Benzyl Alcohol, Limonene, Citric Acid, Potassiu Sorbate, Sodium Benzoate (F.I.L. C274108/1)",4.9,150.0,23.33,13.99,L'Oréal Paris,40.011431837667914,"water,water, coco - betaine, propylene glycol, peg-120 methyl glucose dioleate, sorbitol, glycerin, glycolic acid, triethanolamine, sodium laureth sulfate, sodium chloride, disteareth-100 ipdi, parfum,fragrance, salicylic acid, capryloyl salicylic acid, menthol, aloe barbadensis leaf juice, disodium edta, linalool, steareth-100, citronellol, benzyl alcohol, limonene, citric acid, potassiu sorbate, sodium benzoate (f.i.l.c274108/1)"
Bandi Anti Aging,"kremowa kuracja przeciw zmarszczkom, 50 ml",11,91.99,91.99,/bandi-kremowa-kuracja-przeciw-zmarszczkom-50ml-000000000000281634.html,"Odżywcze,
Przeciwzmarszczkowe,
Regenerujące,
Wygładzające","Aqua/Water, Caprylic/Capric Triglyceride, Butyrospermum Parkii (Shea) Butter, Glycerin, Petrolatum, Ethylhexyl Stearate, Paraffinum Liquidum, C10-30 Cholesterol/Lanosterol Esters, Arachidyl Alcohol, Glyceryl Stearate, Cetearyl Alcohol, Dimethyl Isosorbide, Ascorbyl Tetraisopalmitate, Tocopheryl Acetate, Retinol, PEG-100 Stearate, Behenyl Alcohol, Pentaerythrityl Distearate, Arachidyl Glucoside, Allantoin, Polyacrylate Crosspolymer-6, Polysorbate 20, Disodium EDTA, PEG-8, Tocopherol, Ascorbyl Palmitate, Ascorbic Acid, Citric Acid, t-Butyl Alcohol, Parfum/Fragrance, Methylparaben, Propylparaben",4.7,50.0,183.98,183.98,Bandi,0.0,"water,water, caprylic,capric triglyceride, butyrospermum parkii (shea) butter, glycerin, petrolatum, ethylhexyl stearate, paraffinum liquidum, c10 - 30 cholesterol,lanosterol ester, arachidyl alcohol, glyceryl stearate, cetearyl alcohol, dimethyl isosorbide, ascorbyl tetraisopalmitate, tocopheryl acetate, retinol, peg-100 stearate, behenyl alcohol, pentaerythrityl distearate, arachidyl glucoside, allantoin, polyacrylate crosspolymer-6, polysorbate 20, disodium edta, peg-8, tocopherol, ascorbyl palmitate, ascorbic acid, citric acid, t - butyl alcohol, parfum,fragrance, methylparaben, propylparaben"
Lirene Coconut Shine,"rozświetlający krem do twarzy i ciała, 150 ml",27,27.49,27.49,/lirene-rozswietlajacy-krem-do-twarzy-i-ciala-150-ml-000000000000383540.html,Rozświetlające,"Aqua (Water),Glycerin,Mica,Isononyl Isononanoate,Dimethicone,C15-19 Alkane,Pentylene Glycol,CI 77891 (Titanium Dioxide),Sodium Acrylate/Sodium Acryloyldimethyl Taurate Copolymer,Cocos Nucifera Water,C13-15 Alkane,Isohexadecane,Canola (Canola) Oil,Prunus Amygdalus Dulcis (Sweet Almond) Oil,Hydroxyacetophenone,Sodium Stearoyl Glutamate,Dimethicone Crosspolymer,Polysorbate 80,Sorbitan Oleate,Citric Acid,Potassium Sorbate,Sodium Benzoate,Parfum (Fragrance),Coumarin,CI 77491 (Iron Oxides),CI 77492 (Iron Oxides),CI 77499 (Iron Oxides)",4.8,150.0,18.33,18.33,Lirene,0.0,"water (water),glycerin, mica, isononyl isononanoate, dimethicone, c15 - 19 alkane, pentylene glycol, ci 77891 (titaniumdioxide),sodium acrylate,sodium acryloyldimethyl taurate copolymer, cocos nucifera water, c13 - 15 alkane, isohexadecane, canola (canola) oil, prunus amygdalus dulcis (sweetalmond) oil, hydroxyacetophenone, sodium stearoyl glutamate, dimethicone crosspolymer, polysorbate 80,sorbitan oleate, citric acid, potassium sorbate, sodium benzoate, parfum (fragrance),coumarin, ci 77491 (ironoxides),ci 77492 (ironoxides),ci 77499 (ironoxides)"
Bioliq 25+,"krem nawilżająco-regenerujący do cery suchej 25+, 50 ml",6,16.79,23.99,/bioliq-krem-nawilzajaco-regenerujacy-do-cery-suchej-25-50ml-000000000000277749.html,regenerujący,"Aqua,Cetearyl Ethylhexanoate,Isohexadecane,Cyclopentasiloxane,Glycerin,Cetyl Alcohol,Dimethicone,Macadamia Integrifolia Seed Oil,Propylene Glycol/ Glycerin/ Hydrolized Caesalpinia Spinosa Gum/ Caesalpinia Spinosa Gum,Glyceryl Stearate Citrate,Panthenol,Prunus Amygdalus Dulcis Oil,Propylene Glycol/ Aesculus Hippcastanum Fruit Extract,Phenoxyethanol/ Ethylhexylglycerin,Alcohol/ Onopordum Acanthium Flower/ Leaf/ Stem Extract,Polyacrylamide/ Hydrogenated Polydecene/ Laureth-7,Tocopherol,Acrylates/ C10-30 Alkyl Acrylate Crosspolymer,Disodium EDTA,Lactic Acid,Sodium Hydroxide,Parfum,BHA",4.7,50.0,47.98,33.58,Bioliq,30.012505210504376,"water, cetearyl ethylhexanoate, isohexadecane, cyclopentasiloxane, glycerin, cetyl alcohol, dimethicone, macadamia integrifolia seed oil, propylene glycol/ glycerin/ hydrolized caesalpinia spinosa gum/ caesalpinia spinosa gum, glyceryl stearate citrate, panthenol, prunus amygdalus dulcis oil, propylene glycol/ aesculus hippcastanum fruit extract, phenoxyethanol/ ethylhexylglycerin, alcohol/ onopordum acanthium flower/ leaf/ stem extract, polyacrylamide/ hydrogenate polydecene/ laureth-7,tocopherol, acrylates/ c10 - 30 alkyl acrylate crosspolymer, disodium edta, lactic acid, sodium hydroxide, parfum, bha"
La Roche-Posay Anthelios,"krem barwiący do twarzy z filtrem SPF50+, 50 ml",6,139.99,139.99,/la-roche-posay-krem-barwiacy-do-twarzy-z-filtrem-spf50-50-ml-000000000000411850.html,ochrona UV,"885789 1 - INGREDIENTS: AQUA / WATER • GLYCERIN • PROPANEDIOL • CAPRYLIC/CAPRIC TRIGLYCERIDE • ETHYLHEXYL SALICYLATE • C12-15 ALKYL BENZOATE • ALCOHOL DENAT. • BIS-ETHYLHEXYLOXYPHENOL METHOXYPHENYL TRIAZINE • TITANIUM DIOXIDE [NANO] / TITANIUM DIOXIDE • CI 77891 / TITANIUM DIOXIDE • BUTYL METHOXYDIBENZOYLMETHANE • DROMETRIZOLE TRISILOXANE • STYRENE/ACRYLATES COPOLYMER • DIMETHICONE • CI 77492 / IRON OXIDES • ZEA MAYS STARCH / CORN STARCH • PROPYLENE GLYCOL • SYNTHETIC WAX • DIETHYLHEXYL BUTAMIDO TRIAZONE • POTASSIUM CETYL PHOSPHATE • NIACINAMIDE • TOCOPHEROL • ALUMINUM HYDROXIDE • AMMONIUM POLYACRYLOYLDIMETHYL TAURATE • BUTYROSPERMUM PARKII BUTTER / SHEA BUTTER • CAPRYLYL GLYCOL • CI 77491 / IRON OXIDES • CI 77499 / IRON OXIDES • CITRIC ACID • GLYCERYL STEARATE • HYDROXYPROPYL METHYLCELLULOSE • MYRISTIC ACID • 2-OLEAMIDO-1,3-OCTADECANEDIOL • PALMITIC ACID • PEG-100 STEARATE • PEG-8 LAURATE • SODIUM CHLORIDE • SODIUM DODECYLBENZENESULFONATE • STEARIC ACID • TRIETHANOLAMINE • TRISODIUM ETHYLENEDIAMINE DISUCCINATE (F.I.L. Z283106/1).",4.5,50.0,279.98,279.98,La Roche-Posay,0.0,"885789 1 - ingredient: water,water,glycerin,propanediol,caprylic,capric triglyceride,ethylhexyl salicylate,c12 - 15 alkyl benzoate,alcohol denat.,bis - ethylhexyloxyphenol methoxyphenyl triazine,titanium dioxide, nano ],titanium dioxide,ci 77891,titanium dioxide,butyl methoxydibenzoylmethane,drometrizole trisiloxane,styrene,acrylates copolymer,dimethicone,ci 77492,iron oxides,zea mays starch,corn starch,propylene glycol,synthetic wax,diethylhexyl butamido triazone,potassium cetyl phosphate,niacinamide,tocopherol,aluminum hydroxide,ammonium polyacryloyldimethyl taurate,butyrospermum parkii butter,shea butter,caprylyl glycol,ci 77491,iron oxides,ci 77499,iron oxides,citric acid,glyceryl stearate,hydroxypropyl methylcellulose,myristic acid,2 - oleamido-1,3 - octadecanediol,palmitic acid,peg-100 stearate,peg-8 laurate,sodium chloride,sodium dodecylbenzenesulfonate,stearic acid,triethanolamine,trisodium ethylenediamine disuccinate (f.i.l.z283106/1)."
Ziaja med Med.,"przeciwzmarszczkowy krem do twarzy SPF50+, 50 ml",29,28.99,28.99,/ziaja-med-przeciwzmarszczkowy-krem-do-twarzy-spf50-50-ml-000000000000387434.html,przeciwzmarszczkowy,"Aqua (Water),C12-15 Alkyl Benzoate,Bis-Ethylhexyloxyphenol Methoxyphenyl Triazine,Polymethyl Methacrylate,Diethylamino Hydroxybenzoyl Hexyl Benzoate,Ethylhexyl Salicylate,Ethylhexyl Triazone,Triethylhexanoin,Glycerin,Dimethicone,Potassium Cetyl Phosphate,Methylene Bis-Benzotriazolyi Tetramethylbutylphenol (nano),Polyurethane-35,Cetyl Alcohol,Glyceryl Stearate,PEG-100 Stearate,Panthenol,Tocopheryl Acetate,Sodium Hyaluronate,Xanthan Gum,Carbomer,Disodium EDTA,DMDM Hydantoin,Methylparaben,Ethylparaben,Parfum (Fragrance),Citronellol,Limonene,Sodium Hydroxide",4.8,50.0,57.98,57.98,Ziaja,0.0,"water (water),c12 - 15 alkyl benzoate, bis - ethylhexyloxyphenol methoxyphenyl triazine, polymethyl methacrylate, diethylamino hydroxybenzoyl hexyl benzoate, ethylhexyl salicylate, ethylhexyl triazone, triethylhexanoin, glycerin, dimethicone, potassium cetyl phosphate, methylene bis - benzotriazolyi tetramethylbutylphenol (nano),polyurethane-35,cetyl alcohol, glyceryl stearate, peg-100 stearate, panthenol, tocopheryl acetate, sodium hyaluronate, xanthan gum, carbomer, disodium edta, dmdm hydantoin, methylparaben, ethylparaben, parfum (fragrance),citronellol, limonene, sodium hydroxide"
Bergamo Cica,"krem z wąkrotką azjatycką do twarzy, 50 g",21,49.99,49.99,/bergamo-krem-z-wakrotka-azjatycka-do-twarzy-50-g-000000000000411830.html,Nawilżające,"Aqua, Mineral Oil, Glycerin, Dipropylene Glycol, Cetyl Ethylhexanoate, Stearic Acid, Beeswax, Hydrogenated Polydecene, Cetearyl Alcohol, Glyceryl Stearate, Butyrospermum Parkii (Shea Butter), Sorbitan Stearate, PEG-100 Stearate, Dimethicone, Phenoxyethanol, Carbomer, Arginine , Beta-Glucan, Hamamelis Virginiana(Witch Hazel) Leaf EXTRACT, Centella Asiatica Extract, Hydrolyzed Collagen, Houttuynia Cordata Extract, Allantoin, Disodium EDTA, Adenosine, Parfum, CI 19140, CI 15985",4.0,50.0,99.98,99.98,Bergamo,0.0,"water, mineral oil, glycerin, dipropylene glycol, cetyl ethylhexanoate, stearic acid, beeswax, hydrogenate polydecene, cetearyl alcohol, glyceryl stearate, butyrospermum parkii (sheabutter), sorbitan stearate, peg-100 stearate, dimethicone, phenoxyethanol, carbomer, arginine, beta - glucan, hamamelis virginiana(witchhazel) leaf extract, centella asiatica extract, hydrolyzed collagen, houttuynia cordata extract, allantoin, disodium edta, adenosine, parfum, ci 19140, ci 15985"
AA Technologia Wieku 5Repair,"krem do twarzy 50+ na dzień, 50 ml",6,28.99,28.99,/aa-krem-do-twarzy-50-na-dzien-50-ml-000000000000406440.html,Przeciwzmarszczkowe,"Aqua,Dicaprylyl Carbonate,Pentylene Glycol,Myristyl Myristate,Glyceryl Stearate Citrate,Dibutyl Adipate,Cetearyl Alcohol,Isohexadecane,Isodecyl Neopentanoate,Glycerin,Glyceryl Stearate,Dimethicone,Hydroxyacetophenone,Ammonium Acryloyldimethyltaurate/VP Copolymer,Rosa Canina Fruit Oil,Allantoin,Disodium Phosphate,Glyceryl Behenate,Potassium Cetyl Phosphate,Panthenol,Arginine,Hydrogenated Palm Oil,Oenothera Biennis Oil,Calendula Officinalis Flower Extract,Tocopheryl Acetate,Tocopherol,Butylene Glycol,Sorbitan Laurate,Hydroxyethylcellulose,Acetyl Dipeptide-1 Cetyl Ester,Sodium Polyacrylate,Ethylhexyl Stearate,Diethylhexyl Syringylidenemalonate,Caprylic/Capric Triglyceride,Trideceth-6,Silica,Mica,Alumina,Synthetic Fluorphlogopite,Tin Oxide,Ethylhexyl Triazone,Butyl Methoxydibenzoylmethane,Phenoxyethanol,Ethylhexylglycerin,Parfum,CI 77491,CI 77891",5.0,50.0,57.98,57.98,AA,0.0,"water, dicaprylyl carbonate, pentylene glycol, myristyl myristate, glyceryl stearate citrate, dibutyl adipate, cetearyl alcohol, isohexadecane, isodecyl neopentanoate, glycerin, glyceryl stearate, dimethicone, hydroxyacetophenone, ammonium acryloyldimethyltaurate,vp copolymer, rosa canina fruit oil, allantoin, disodium phosphate, glyceryl behenate, potassium cetyl phosphate, panthenol, arginine, hydrogenated palm oil, oenothera biennis oil, calendula officinalis flower extract, tocopheryl acetate, tocopherol, butylene glycol, sorbitan laurate, hydroxyethylcellulose, acetyl dipeptide-1 cetyl ester, sodium polyacrylate, ethylhexyl stearate, diethylhexyl syringylidenemalonate, caprylic,capric triglyceride, trideceth-6,silica, mica, alumina, synthetic fluorphlogopite, tin oxide, ethylhexyl triazone, butyl methoxydibenzoylmethane, phenoxyethanol, ethylhexylglycerin, parfum, ci 77491,ci 77891"
Iwostin Purritin,"aktywny krem do twarzy, 40 ml",7,61.99,61.99,/iwostin-aktywny-krem-do-twarzy-40-ml-000000000000272826.html,Seboregulujące,"Aqua,Isohexadecane,Glycerin,Cyclopentasiloxane,Glyceryl Stearate,Dicaprylyl Carbonate,Aluminum Starch Octenylsuccinate,Cyclohexasiloxane,PEG-100 Stearate,Pentaerythrityl Distearate,Glyceryl Stearate SE,Cetearyl Alcohol,Propylene Glycol,Hexamidine Diisethionate,Pistacia Lentiscus Gum,Lecithin,Sodium Hyaluronate,Saccharide Isomerate,Retinyl Palmitate,Lactic Acid,Glycolic Acid,Malic Acid,Salicylic Acid,Polyacrylate-13,Polyisobutene,Zinc PCA,Phenoxyethanol,Allantoin,Xanthan Gum,Triethanolamine,Polysorbate 20,Alcohol,Ethylhexylglycerin,PEG-8,Tocopherol,Ascorbyl Palmitate,Ascorbic Acid,Citric Acid,Disodium EDTA,Parfum,Sorbitan Isostearate,Arachis Hypogaea (Peanut) Oil",3.9,40.0,154.98,154.98,Iwostin,0.0,"water, isohexadecane, glycerin, cyclopentasiloxane, glyceryl stearate, dicaprylyl carbonate, aluminum starch octenylsuccinate, cyclohexasiloxane, peg-100 stearate, pentaerythrityl distearate, glyceryl stearate se, cetearyl alcohol, propylene glycol, hexamidine diisethionate, pistacia lentiscus gum, lecithin, sodium hyaluronate, saccharide isomerate, retinyl palmitate, lactic acid, glycolic acid, malic acid, salicylic acid, polyacrylate-13,polyisobutene, zinc pca, phenoxyethanol, allantoin, xanthan gum, triethanolamine, polysorbate 20,alcohol, ethylhexylglycerin, peg-8,tocopherol, ascorbyl palmitate, ascorbic acid, citric acid, disodium edta, parfum, sorbitan isostearate, arachis hypogaea (peanut) oil"
Bandi Anti Irritate S.O.S.,"kuracja s.o.s. do twarzy, 50 ml",47,79.99,79.99,/bandi-kuracja-s.o.s.-do-twarzy-50-ml-000000000000371310.html,"Łagodzące,
Natłuszczające,
Nawilżające,
Ochronne,
Odżywcze,
Regenerujące","Aqua/Water, Dimethicone, Glycerin, C10-18 Triglycerides, Hydrogenated Vegetable Oil, Tripelargonin, Glyceryl Stearate, Arachidyl Alcohol, Squalane, Coconut Alkanes, Butyrospermum Parkii (Shea) Butter, Alpha- Glucan Oligosaccharide, Plukenetia Volubilis Seed Oil, Avena Sativa (Oat) Kernel Flour, Olea Europaea (Olive) Fruit Oil, Gluconolactone, Polymnia Sonchifolia Root Juice, Ceramide NP., Lactobacillus, Maltodextrin, Coco-Caprylate/Caprate, Behenyl Alcohol, Polysilicone-11, Cetearyl Alcohol, Arachidyl Glucoside, Sodium Acrylate/Sodium Acryloyldimethyl Taurate Copolymer, Dilinoleic Acid/Propanediol Copolymer, Caprylyl Glycol, Isohexadecane, Sorbitan Oleate, Decyl Glucoside, Polyglyceryl-10 Laurate, Hexylene Glycol, Polysorbate 80, Sodium Hydroxide, Tocopherol, Citric Acid, Parfum/Fragrance, Hydroxyacetophenone, 1,2-Hexanediol",4.7,50.0,159.98,159.98,Bandi,0.0,"water,water, dimethicone, glycerin, c10 - 18 triglyceride, hydrogenated vegetable oil, tripelargonin, glyceryl stearate, arachidyl alcohol, squalane, coconut alkanes, butyrospermum parkii (shea) butter, alpha- glucan oligosaccharide, plukenetia volubilis seed oil, avena sativa (oat) kernel flour, olea europaea (olive) fruit oil, gluconolactone, polymnia sonchifolia root juice, ceramide np., lactobacillus, maltodextrin, coco - caprylate,caprate, behenyl alcohol, polysilicone-11, cetearyl alcohol, arachidyl glucoside, sodium acrylate,sodium acryloyldimethyl taurate copolymer, dilinoleic acid,propanediol copolymer, caprylyl glycol, isohexadecane, sorbitan oleate, decyl glucoside, polyglyceryl-10 laurate, hexylene glycol, polysorbate 80, sodium hydroxide, tocopherol, citric acid, parfum,fragrance, hydroxyacetophenone, 1,2 - hexanediol"
Bielenda Professional Sebio Derm,"krem do twarzy, 50 ml",17,78.99,78.99,/bielenda-professional-krem-do-twarzy-50-ml-000000000000375817.html,Seboregulujące,"Aqua (Water),Trehalose,Propanediol,Coco-Caprylate/Caprate,Glyceryl Stearate SE,Cetearyl Alcohol,Niacinamide,Squalane,Ethylhexyl Stearate,Calophyllum Inophyllum Seed Oil,Bakuchiol,Allantoin,Potassium Cetyl Phosphate,Sodium Stearoyl Glutamate,Tocopherol,Beta-Sitosterol,Squalene,Ascorbyl Palmitate,Glycine Soja (Soybean) Oil,Dimethicone,Ammonium Acryloyldimethyltaurate/VP Copolymer,Disodium EDTA,Phenoxyethanol,Ethylhexylglycerin,Methylparaben,Parfum (Fragrance),Hexyl Cinnamal,Limonene,Linalool",4.5,50.0,157.98,157.98,Bielenda,0.0,"water (water),trehalose, propanediol, coco - caprylate,caprate, glyceryl stearate se, cetearyl alcohol, niacinamide, squalane, ethylhexyl stearate, calophyllum inophyllum seed oil, bakuchiol, allantoin, potassium cetyl phosphate, sodium stearoyl glutamate, tocopherol, beta - sitosterol, squalene, ascorbyl palmitate, glycine soja (soybean) oil, dimethicone, ammonium acryloyldimethyltaurate,vp copolymer, disodium edta, phenoxyethanol, ethylhexylglycerin, methylparaben, parfum (fragrance),hexyl cinnamal, limonene, linalool"
Pharmaceris S,"ultra ochronny krem dla skóry naczynkowej i z trądzikiem różowatym SPF50+, 50 ml",49,55.99,55.99,/pharmaceris-ultra-ochronny-krem-dla-skory-naczynkowej-i-z-tradzikiem-rozowatym-spf50-50-ml-000000000000411476.html,ochrona UV,"Aqua (Water), Methylene Bis-Benzotriazolyl Tetramethylbutylphenol
(nano), Dibutyl Adipate,
Propanediol, Polymethyl Methacrylate,
Bis-Ethylhexyloxyphenol Methoxyphenyl
Triazine, Cetyl Alcohol, Propylene Glycol,
Diethylamino Hydroxybenzoyl Hexyl Benzoate,
Phenoxyethyl Caprylate, Acrylates/C12-
-22 Alkyl Methacrylate Copolymer, Glyceryl
Stearate, 1,2-Hexanediol, Butyrospermum
Parkii (Shea) Butter, Canola (Canola) Oil,
Decyl Glucoside, PEG-75 Stearate, Hesperidine
Methyl Chalcone, Hydroxyacetophenone,
Potassium Cetyl Phosphate, Ceteth-20,
Steareth-20, Arginine, Titanium Dioxide
(nano), Acrylates/C10-30 Alkyl Acrylate
Crosspolymer, Triethanolamine, Coco-Glucoside,
Allantoin, Citric Acid, Ethylhexyl Triazone,
Tocopheryl Acetate, Caprylic/Capric
Triglyceride, Xanthan Gum, Disodium Lauryl
Sulfosuccinate, Alumina, Simethicone, Laminaria
Ochroleuca Extract.",4.7,50.0,111.98,111.98,Pharmaceris,0.0,"water (water), methylene bis - benzotriazolyl tetramethylbutylphenol 
 (nano), dibutyl adipate, 
 propanediol, polymethyl methacrylate, 
 bis - ethylhexyloxyphenol methoxyphenyl 
 triazine, cetyl alcohol, propylene glycol, 
 diethylamino hydroxybenzoyl hexyl benzoate, 
 phenoxyethyl caprylate, acrylates,c12- 
 -22 alkyl methacrylate copolymer, glyceryl 
 stearate, 1,2 - hexanediol, butyrospermum 
 parkii (shea) butter, canola (canola) oil, 
 decyl glucoside, peg-75 stearate, hesperidine 
 methyl chalcone, hydroxyacetophenone, 
 potassium cetyl phosphate, ceteth-20, 
 steareth-20, arginine, titanium dioxide 
 (nano), acrylates,c10 - 30 alkyl acrylate 
 crosspolymer, triethanolamine, coco - glucoside, 
 allantoin, citric acid, ethylhexyl triazone, 
 tocopheryl acetate, caprylic,capric 
 triglyceride, xanthan gum, disodium lauryl 
 sulfosuccinate, alumina, simethicone, laminaria 
 ochroleuca extract."
Ava Red Wine,"krem do twarzy na noc, 50 ml",9,37.99,37.99,/ava-krem-do-twarzy-na-noc-50-ml-000000000000379324.html,Wygładzające,"Aqua, Glycerin, Caprylic/Capric Triglyceride, Glyceryl Stearate, Cetearyl Alcohol, Cocos Nucifera Oil, Isopropyl Myristate, Butyrospermum Parkii Butter, Vitis Vinifera Seed Oil, Propanediol, Prunus Amygdalus Dulcis Oil, Vitis Vinifera Vine Extract, Vitis Vinifera Seed Extract, Tocopherol, Trifolium Pratense Extract, Phospholipids, Sphingolipids, Glycine Soja Oil, Beta Sistosterol, Squalene, Ascorbyl Palmitate, Lecithin, Ceteareth-20, Xanthan Gum, Olus Oil, Ceteareth-12, Cetyl Palmitate, Phenoxyethanol, Ethylhexylglycerin, Citric Acid, Potassium Sorbate, Sodium Benzoate, Sodium Citrate, Hydrogenated Palm Glycerides Citrate, Parfum",4.6,50.0,75.98,75.98,Ava,0.0,"water, glycerin, caprylic,capric triglyceride, glyceryl stearate, cetearyl alcohol, cocos nucifera oil, isopropyl myristate, butyrospermum parkii butter, vitis vinifera seed oil, propanediol, prunus amygdalus dulcis oil, vitis vinifera vine extract, vitis vinifera seed extract, tocopherol, trifolium pratense extract, phospholipid, sphingolipid, glycine soja oil, beta sistosterol, squalene, ascorbyl palmitate, lecithin, ceteareth-20, xanthan gum, olus oil, ceteareth-12, cetyl palmitate, phenoxyethanol, ethylhexylglycerin, citric acid, potassium sorbate, sodium benzoate, sodium citrate, hydrogenated palm glycerides citrate, parfum"
Nivea Men Creme,"krem do twarzy, ciała i rąk męski, 150 ml",21,14.49,19.99,/nivea-krem-do-twarzy-ciala-i-rak-meski-150-ml-000000000000267524.html,Nawilżające,"Aqua, Glycerin, Paraffinum Liquidum, Alcohol Denat., Cetyl Alcohol, Glyceryl Stearate, Hydrogenated Coco-Glycerides, Stearyl Alcohol, Palmitic Acid, Stearic Acid, Cera Microcristallina, Tocopheryl Acetate, Sodium Hydroxide, Dimethicone, Myristic Acid, Arachidic Acid, Oleic Acid, Carbomer, Phenoxyethanol, Methylparaben, BHT, Parfum",5.0,150.0,13.33,9.66,Nivea,27.51375687843921,"water, glycerin, paraffinum liquidum, alcohol denat., cetyl alcohol, glyceryl stearate, hydrogenate coco - glyceride, stearyl alcohol, palmitic acid, stearic acid, cera microcristallina, tocopheryl acetate, sodium hydroxide, dimethicone, myristic acid, arachidic acid, oleic acid, carbomer, phenoxyethanol, methylparaben, bht, parfum"
Bergamo Intensive Snake,"przeciwzmarszczkowy krem do twarzy z peptydami jadu węża, 50 ml",88,62.99,62.99,/bergamo-przeciwzmarszczkowy-krem-do-twarzy-z-peptydami-jadu-weza-50-ml-000000000000262674.html,przeciwzmarszczkowy,"Aqua, Helianthus Annuus (Sunflower)seed oil, Dimethicone, Glycerin, Caprylic/Capric Triglyceride, Butylene Glycol, Polysorbate 60, Cetyl Alcohol, Stearic Acid, Glyceryl Stearate SE, Petrolatum, Beeswax, Sorbitan Sesquioleate, Glyceryl Stearate, Phenoxyethanol, PEG-100 Stearate, Carbomer, Triethanolamine, Parfum, Caramel, Dipeptide Diaminobutyroyl Benzylamide Diacetate, Disodium EDTA, Allantoin, Adenosine, CI 17200.",4.7,50.0,125.98,125.98,Bergamo,0.0,"water, helianthus annuus (sunflower)seed oil, dimethicone, glycerin, caprylic,capric triglyceride, butylene glycol, polysorbate 60, cetyl alcohol, stearic acid, glyceryl stearate se, petrolatum, beeswax, sorbitan sesquioleate, glyceryl stearate, phenoxyethanol, peg-100 stearate, carbomer, triethanolamine, parfum, caramel, dipeptide diaminobutyroyl benzylamide diacetate, disodium edta, allantoin, adenosine, ci 17200."
Faceboom Skin Dopamine,"nawilżający krem do twarzy z SPF50, 40 ml",45,31.49,44.99,/faceboom-nawilzajacy-krem-do-twarzy-z-spf50-40-ml-000000000000428182.html,nawilżający,"Aqua (Water),Dibutyl Adipate,Diethylamino Hydroxybenzoyl Hexyl Benzoate,C12-15 Alkyl Benzoate,Propanediol,Glycerin,Cetearyl Olivate,Tris-Biphenyl Triazine (nano),Behenyl Alcohol,Glyceryl Stearate,Sorbitan Olivate,Caprylic/Capric Triglyceride,Isoamyl Laurate,Ethylhexyl Triazone,Bis-Ethylhexyloxyphenol Methoxyphenyl Triazine,Methylene Bis-Benzotriazolyl Tetramethylbutylphenol (nano),Orbignya Oleifera (Babassu) Seed Oil,Simmondsia Chinensis (Jojoba) Seed Oil,Sodium Hyaluronate Crosspolymer,Sodium Hyaluronate,Hyaluronic Acid,Aloe Barbadensis Leaf Juice Powder,Panthenol,Polyglyceryl-3 PCA,Ethylhexyl Stearate,Glycine Soja (Soybean) Oil,Arachidyl Glucoside,Arachidyl Alcohol,Tocopherol,Beta-Sitosterol,Ascorbyl Palmitate,Microcrystalline Cellulose,Xanthan Gum,Cellulose Gum,Decyl Glucoside,Polyglyceryl-4 Diisostearate/Polyhydroxystearate/Sebacate,Sodium Isostearate,Squalene,Propylene Glycol,Butylene Glycol,Disodium Phosphate,Raspberry Ketone,Benzyl Alcohol,Parfum (Fragrance),Hexyl Cinnamal,Citronellol,Linalool,Limonene",4.7,40.0,112.48,78.72,Faceboom,30.006668148477445,"water (water),dibutyl adipate, diethylamino hydroxybenzoyl hexyl benzoate, c12 - 15 alkyl benzoate, propanediol, glycerin, cetearyl olivate, tris - biphenyl triazine (nano),behenyl alcohol, glyceryl stearate, sorbitan olivate, caprylic,capric triglyceride, isoamyl laurate, ethylhexyl triazone, bis - ethylhexyloxyphenol methoxyphenyl triazine, methylene bis - benzotriazolyl tetramethylbutylphenol (nano),orbignya oleifera (babassu) seed oil, simmondsia chinensis (jojoba) seed oil, sodium hyaluronate crosspolymer, sodium hyaluronate, hyaluronic acid, aloe barbadensis leaf juice powder, panthenol, polyglyceryl-3 pca, ethylhexyl stearate, glycine soja (soybean) oil, arachidyl glucoside, arachidyl alcohol, tocopherol, beta - sitosterol, ascorbyl palmitate, microcrystalline cellulose, xanthan gum, cellulose gum, decyl glucoside, polyglyceryl-4 diisostearate,polyhydroxystearate,sebacate, sodium isostearate, squalene, propylene glycol, butylene glycol, disodium phosphate, raspberry ketone, benzyl alcohol, parfum (fragrance),hexyl cinnamal, citronellol, linalool, limonene"
Solverx Age Reset,"odmładzający krem do twarzy, 50 ml",9,99.99,99.99,/solverx-odmladzajacy-krem-do-twarzy-50-ml-000000000000412776.html,odmładzający,Aqua; Oryza Sativa Bran Oil; Macadamia Integrifolia Seed Oil; Prunus Amygdalus Dulcis Oil; Acetyl Hexapeptide-8; Tripeptide-10 Citrulline; Tripeptide-1; Himanthalia Elongata Extract; Caprylic/Capric Triglyceride; Bacillus Ferment; Hydrolyzed Wheat Protein; Hydrolyzed Soy Protein; Pseudoalteromonas Ferment Extract; Alpha-Glucan Oligosaccharide; Inulin; Panthenol; Lecithin; Tocopheryl Acetate; Carbomer; Butylene Glycol; Caprylyl Glycol; Dimethicone; Ethylhexylglycerin; Polyacrylate-13; Polysiobutene; Polysorbate 20; Sorbitan Isostearate; Phenoxyethanol; Triethanolamine; Xanthan Gum; Parfum; Benzyl Salicylate; Linalool; Hexyl Cinnamal; Hydroxycitronellal; Limonene.,4.8,50.0,199.98,199.98,Solverx,0.0,"water ; oryza sativa bran oil ; macadamia integrifolia seed oil ; prunus amygdalus dulcis oil ; acetyl hexapeptide-8 ; tripeptide-10 citrulline ; tripeptide-1 ; himanthalia elongata extract ; caprylic,capric triglyceride ; bacillus ferment ; hydrolyzed wheat protein ; hydrolyzed soy protein ; pseudoalteromonas ferment extract ; alpha - glucan oligosaccharide ; inulin ; panthenol ; lecithin ; tocopheryl acetate ; carbomer ; butylene glycol ; caprylyl glycol ; dimethicone ; ethylhexylglycerin ; polyacrylate-13 ; polysiobutene ; polysorbate 20 ; sorbitan isostearate ; phenoxyethanol ; triethanolamine ; xanthan gum ; parfum ; benzyl salicylate ; linalool ; hexyl cinnamal ; hydroxycitronellal ; limonene."
Yasumi Bakuchiol,"krem przeciwzmarszczkowy na dzień do twarzy, 50 ml",8,90.99,129.99,/yasumi-krem-przeciwzmarszczkowy-na-dzien-do-twarzy-50-ml-000000000000408200.html,przeciwzmarszczkowy,"AQUA, GLYCERIN, PROPANEDIOL, ISOHEXADECANE, ARACHIDYL ALCOHOL, BEHENYL ALCOHOL, CETYL ALCOHOL, ARACHIDYL GLUCOSIDE, SODIUM ACRYLOYLDIMETHYLTAURATE COPOLYMER, AMMONIUM ACRYLOYLDIMETHYLTAURATE, BAKUCHIOL, BIDENS PILOSA EXTRACT, BUTYLENE GLYCOL, C13-14 ISOPARAFFIN, CAPRYLYL GLYCOL, CYCLOPENTASILOXANE, DECYL GLUCOSIDE, DIMETHICONE, DISODIUM EDTA, ELAEIS GUINEENSIS OIL, ETHYLHEXYLGLYCERIN, GOSSYPIUM HERBACEUM SEED OIL, HEXYLENE GLYCOL, LAURETH-7, LINUM USITATISSIMUM SEED OIL, PARFUM, PHENOXYETHANOL, POLYSILICONE-11, SODIUM HYALURONATE, SODIUM HYDROXIDE, TOCOPHEROL, TOCOPHERYL ACETATE, XANTHAN GUM",4.8,50.0,259.98,181.98,Yasumi,30.002307869836148,"water, glycerin, propanediol, isohexadecane, arachidyl alcohol, behenyl alcohol, cetyl alcohol, arachidyl glucoside, sodium acryloyldimethyltaurate copolymer, ammonium acryloyldimethyltaurate, bakuchiol, bidens pilosa extract, butylene glycol, c13 - 14 isoparaffin, caprylyl glycol, cyclopentasiloxane, decyl glucoside, dimethicone, disodium edta, elaeis guineensis oil, ethylhexylglycerin, gossypium herbaceum seed oil, hexylene glycol, laureth-7, linum usitatissimum seed oil, parfum, phenoxyethanol, polysilicone-11, sodium hyaluronate, sodium hydroxide, tocopherol, tocopheryl acetate, xanthan gum"
Nivea Q10,"krem wypełniający zmarszczki do twarzy, 15 ml",18,44.09,59.99,/nivea-krem-wypelniajacy-zmarszczki-do-twarzy-15-ml-000000000000435667.html,Przeciwzmarszczkowe,"Aqua, Dimethicone, Glycerin, Dimethicone Crosspolymer, Methylpropanediol, Alcohol Denat., Coco-Caprylate/Caprate, Octyldodecanol, Dicaprylyl Ether, Silica, Cetearyl Alcohol, Glyceryl Stearate, Tapioca Starch, Ubiquinone, Pimpinella Anisum Fruit Extract, Sodium Hyaluronate, Creatine, 1-Methylhydantoin-2-Imide, Panthenol, Pantolactone, Tocopherol, Sodium Cetearyl Sulfate, Acrylates/C10-30 Alkyl Acrylate Crosspolymer, Citric Acid, Trisodium EDTA, Sodium Chloride, Sodium Sulfate, Sodium Hydroxide, Phenoxyethanol, CI 77891, CI 77491, CI 15985, Parfum",4.9,15.0,399.93,293.93,Nivea,26.504417402900483,"water, dimethicone, glycerin, dimethicone crosspolymer, methylpropanediol, alcohol denat., coco - caprylate,caprate, octyldodecanol, dicaprylyl ether, silica, cetearyl alcohol, glyceryl stearate, tapioca starch, ubiquinone, pimpinella anisum fruit extract, sodium hyaluronate, creatine, 1 - methylhydantoin-2 - imide, panthenol, pantolactone, tocopherol, sodium cetearyl sulfate, acrylates,c10 - 30 alkyl acrylate crosspolymer, citric acid, trisodium edta, sodium chloride, sodium sulfate, sodium hydroxide, phenoxyethanol, ci 77891, ci 77491, ci 15985, parfum"
L'Oréal Paris Revitalift,"przeciwstarzeniowy krem do twarzy SPF50, 50 ml",26,47.99,55.99,/loreal-paris-przeciwstarzeniowy-krem-do-twarzy-spf50-50-ml-000000000000406711.html,ochrona UV,"AQUA / WATER • GLYCERIN • ETHYLHEXYL SALICYLATE • ETHYLHEXYL TRIAZONE • ALCOHOL DENAT. • BIS-ETHYLHEXYLOXYPHENOL METHOXYPHENYL TRIAZINE • DIMETHICONE • LAUROYL LYSINE • BUTYL METHOXYDIBENZOYLMETHANE • OCTYLDODECANOL • BEHENYL ALCOHOL • ISOPROPYL ISOSTEARATE • PERLITE • ALUMINUM STARCH OCTENYLSUCCINATE • CETYL ALCOHOL • CI 15985 / YELLOW 6 • CI 16035 / RED 40 • TOCOPHEROL • SODIUM HYALURONATE • SODIUM STEAROYL GLUTAMATE • HYDROXYACETOPHENONE • SODIUM POLYACRYLATE STARCH • SODIUM ACETYLATED HYALURONATE • PHENOXYETHANOL • STEARIC ACID • ADENOSINE • PEG-100 STEARATE • PALMITIC ACID • POLY C10-30 ALKYL ACRYLATE • POLYSORBATE 80 • AMMONIUM POLYACRYLOYLDIMETHYL TAURATE • LINALOOL • BENZYL ALCOHOL • ISOHEXADECANE • CAPRYLOYL SALICYLIC ACID • ACRYLAMIDE/SODIUM ACRYLOYLDIMETHYLTAURATE COPOLYMER • MYRISTIC ACID • SORBITAN OLEATE • DISODIUM EDTA • CETEARYL ALCOHOL • CETEARYL GLUCOSIDE • CITRONELLOL • HEXYL CINNAMAL • PARFUM / FRAGRANCE Listy składników dla produktów naszej marki są regularnie aktualizowane. Zapoznaj się z listą składników na opakowaniu produktu, gdzie zawsze znajduje się najbardziej aktualna lista składników, aby upewnić się, że jest ona dla Ciebie odpowiednia.",4.6,50.0,111.98,95.98,L'Oréal Paris,14.288265761743169,",,glycerin,ethylhexyl salicylate,ethylhexyl triazone,alcohol denat.,bis - ethylhexyloxyphenol methoxyphenyl triazine,dimethicone,lauroyl lysine,butyl methoxydibenzoylmethane,octyldodecanol,behenyl alcohol,isopropyl isostearate,perlite,aluminum starch octenylsuccinate,cetyl alcohol,ci 15985,yellow 6,ci 16035,red 40,tocopherol,sodium hyaluronate,sodium stearoyl glutamate,hydroxyacetophenone,sodium polyacrylate starch,sodium acetylated hyaluronate,phenoxyethanol,stearic acid,adenosine,peg-100 stearate,palmitic acid,poly c10 - 30 alkyl acrylate,polysorbate 80,ammonium polyacryloyldimethyl taurate,linalool,benzyl alcohol,isohexadecane,capryloyl salicylic acid,acrylamide,sodium acryloyldimethyltaurate copolymer,myristic acid,sorbitan oleate,disodium edta,cetearyl alcohol,cetearyl glucoside,citronellol,hexyl cinnamal,parfum,fragrance listy składników dla produktów naszej marki są regularnie aktualizowane. zapoznaj się z listą składników na opakowaniu produktu, gdzie zawsze znajduje się najbardziej aktualna lista składników, aby upewnić się, że jest ona dla ciebie odpowiednia."
Bielenda Royal Bee,"krem przeciwzmarszczkowy do twarzy na dzień i noc 50+, 50 ml",7,18.19,24.99,/bielenda-krem-przeciwzmarszczkowy-do-twarzy-na-dzien-i-noc-50-50-ml-000000000000382517.html,przeciwzmarszczkowy,"Aqua (Water),Caprylic/Capric Triglyceride,Propanediol,Squalane,Persea Gratissima (Avocado) Oil,Cetearyl Alcohol,Glyceryl Stearate,Tocopheryl Acetate,Glycerin,Isodecyl Neopentanoate,Potassium Cetyl Phosphate,Theobroma Cacao (Cocoa) Seed Butter,Hydrolyzed Serum Protein,Pollen Extract,Royal Jelly,Honey,Ceramide NP,Glycine Soja Germ Extract,Plukenetia Volubilis Seed Oil,Olea Europea (Olive) Fruit Oil,Vegetable Oil,Allantoin,Sodium Stearoyl Glutamate,Tocopherol,Histidine,Hyaluronidase,Polyglyceryl-10 Laurate,Beta-Sitosterol,Squalene,Ascorbyl Palmitate,Glycine Soja (Soybean) Oil,Dimethicone,Citric Acid,Xanthan Gum,Disodium EDTA,Potassium Sorbate,Ethylhexylglycerin,Phenoxyethanol,Benzyl Alcohol,Parfum (Fragrance),Benzyl Salicylate,Hexyl Cinnamal,Alpha-Isomethyl lonone",5.0,50.0,49.98,36.38,Bielenda,27.210884353741488,"water (water),caprylic,capric triglyceride, propanediol, squalane, persea gratissima (avocado) oil, cetearyl alcohol, glyceryl stearate, tocopheryl acetate, glycerin, isodecyl neopentanoate, potassium cetyl phosphate, theobroma cacao (cocoa) seed butter, hydrolyzed serum protein, pollen extract, royal jelly, honey, ceramide np, glycine soja germ extract, plukenetia volubilis seed oil, olea europea (olive) fruit oil, vegetable oil, allantoin, sodium stearoyl glutamate, tocopherol, histidine, hyaluronidase, polyglyceryl-10 laurate, beta - sitosterol, squalene, ascorbyl palmitate, glycine soja (soybean) oil, dimethicone, citric acid, xanthan gum, disodium edta, potassium sorbate, ethylhexylglycerin, phenoxyethanol, benzyl alcohol, parfum (fragrance),benzyl salicylate, hexyl cinnamal, alpha - isomethyl lonone"
La Roche-Posay Anthelios,"żel-krem do twarzy z filtrem SPF50+, 50 ml",8,139.99,139.99,/la-roche-posay-zel-krem-do-twarzy-z-filtrem-spf50-50-ml-000000000000411849.html,ochrona UV,885782 19 - INGREDIENTS: AQUA / WATER • SILICA • ISOPROPYL PALMITATE • BIS-ETHYLHEXYLOXYPHENOL METHOXYPHENYL TRIAZINE • ETHYLHEXYL SALICYLATE • ETHYLHEXYL TRIAZONE • BUTYL METHOXYDIBENZOYLMETHANE • DICAPRYLYL ETHER • NIACINAMIDE • DROMETRIZOLE TRISILOXANE • PHENYLBENZIMIDAZOLE SULFONIC ACID • DIISOPROPYL ADIPATE • TRIETHANOLAMINE • GLYCERIN • ZEA MAYS STARCH / CORN STARCH • DIISOPROPYL SEBACATE • DIETHYLAMINO HYDROXYBENZOYL HEXYL BENZOATE • PENTYLENE GLYCOL • TOCOPHEROL • SODIUM STEAROYL GLUTAMATE • PERLITE • ACRYLATES/C10-30 ALKYL ACRYLATE CROSSPOLYMER • CAPRYLYL GLYCOL • CI 15510 / ORANGE 4 • CI 16035 / RED 40 • INULIN LAURYL CARBAMATE • ISOPROPYL LAUROYL SARCOSINATE • P-ANISIC ACID • SALICYLIC ACID • SILICA SILYLATE • SODIUM POLYACRYLATE • TEREPHTHALYLIDENE DICAMPHOR SULFONIC ACID • TITANIUM DIOXIDE • TRISODIUM ETHYLENEDIAMINE DISUCCINATE • TROMETHAMINE • XANTHAN GUM • ZINC PCA • PARFUM / FRAGRANCE (F.I.L. Z292037/1).,3.2999999999999994,50.0,279.98,279.98,La Roche-Posay,0.0,"885782 19 - ingredient: water,water,silica,isopropyl palmitate,bis - ethylhexyloxyphenol methoxyphenyl triazine,ethylhexyl salicylate,ethylhexyl triazone,butyl methoxydibenzoylmethane,dicaprylyl ether,niacinamide,drometrizole trisiloxane,phenylbenzimidazole sulfonic acid,diisopropyl adipate,triethanolamine,glycerin,zea mays starch,corn starch,diisopropyl sebacate,diethylamino hydroxybenzoyl hexyl benzoate,pentylene glycol,tocopherol,sodium stearoyl glutamate,perlite,acrylate,c10 - 30 alkyl acrylate crosspolymer,caprylyl glycol,ci 15510,orange 4,ci 16035,red 40,inulin lauryl carbamate,isopropyl lauroyl sarcosinate,p - anisic acid,salicylic acid,silica silylate,sodium polyacrylate,terephthalylidene dicamphor sulfonic acid,titanium dioxide,trisodium ethylenediamine disuccinate,tromethamine,xanthan gum,zinc pca,parfum,fragrance (f.i.l.z292037/1)."
La Roche-Posay Cicaplast B5,"kojący balsam regenerujący z SPF50, 40 ml",11,74.99,74.99,/la-roche-posay-balsam-do-ciala-40ml-000000000000302591.html,regenerujący,"AQUA / WATER • HOMOSALATE • PANTHENOL • ETHYLHEXYL SALICYLATE • BUTYL METHOXYDIBENZOYLMETHANE • OCTOCRYLENE • ALCOHOL DENAT. • BIS-ETHYLHEXYLOXYPHENOL METHOXYPHENYL TRIAZINE • STYRENE/ACRYLATES COPOLYMER • ETHYLHEXYL TRIAZONE • TRIETHANOLAMINE • DIMETHICONE • PHENYLBENZIMIDAZOLE SULFONIC ACID • PEG-8 LAURATE • SORBITAN OLEATE • ZINC GLUCONATE • MADECASSOSIDE • MANGANESE GLUCONATE • ISOHEXADECANE • SODIUM ACRYLATES CROSSPOLYMER-2 • SILICA • 2-OLEAMIDO-1,3-OCTADECANEDIOL • PERLITE • DROMETRIZOLE TRISILOXANE • POLOXAMER 338 • DISODIUM EDTA • COPPER GLUCONATE • CAPRYLYL GLYCOL • POLYSORBATE 80 • ACRYLAMIDE/SODIUM ACRYLOYLDIMETHYLTAURATE COPOLYMER • ACRYLATES/C10-30 ALKYL ACRYLATE CROSSPOLYMER • BHT • TOCOPHEROL • PHENOXYETHANOL",4.3,40.0,187.48,187.48,La Roche-Posay,0.0,",,homosalate,panthenol,ethylhexyl salicylate,butyl methoxydibenzoylmethane,octocrylene,alcohol denat.,bis - ethylhexyloxyphenol methoxyphenyl triazine,styrene,acrylates copolymer,ethylhexyl triazone,triethanolamine,dimethicone,phenylbenzimidazole sulfonic acid,peg-8 laurate,sorbitan oleate,zinc gluconate,madecassoside,manganese gluconate,isohexadecane,sodium acrylates crosspolymer-2,silica,2 - oleamido-1,3 - octadecanediol,perlite,drometrizole trisiloxane,poloxamer 338,disodium edta,copper gluconate,caprylyl glycol,polysorbate 80,acrylamide,sodium acryloyldimethyltaurate copolymer,acrylate,c10 - 30 alkyl acrylate crosspolymer,bht,tocopherol,phenoxyethanol"
Bioliq Specialist,"krem na noc redukujący zmiany potrądzikowe, 30 ml",19,18.89,26.99,/bioliq-krem-na-noc-redukujacy-zmiany-potradzikowe-30ml-000000000000310157.html,Zapobieganie niedoskonałościom,"Aqua,Cetearyl Alcohol/ Ceteareth-20,Octyldodecanol,Mandelic Acid,Glycerin,Glyceryl Stearate/ PEG-100 Stearate,Polyacrylamide/ Hydrogenated Polydecene/ Laureth-7,Butylene Glycol/ Ethoxydiglycol/ Musa Sapientum Flower Extract/ Centella Asiatica Extract,Calophyllum Tacamahaca Seed Oil/ Helianthus Annuus Seed Oil,Methyl Methacrylate Crosspolymer,Sodium Hydroxide,Phenoxyethanol/ Ethylhexylglycerin,Salicylic Acid,Parfum,Bis-PEG/ PPG-14/ 14 Dimethicone",4.7,30.0,89.97,62.97,Bioliq,30.011115227862167,"water, cetearyl alcohol/ ceteareth-20,octyldodecanol, mandelic acid, glycerin, glyceryl stearate/ peg-100 stearate, polyacrylamide/ hydrogenate polydecene/ laureth-7,butylene glycol/ ethoxydiglycol/ musa sapientum flower extract/ centella asiatica extract, calophyllum tacamahaca seed oil/ helianthus annuus seed oil, methyl methacrylate crosspolymer, sodium hydroxide, phenoxyethanol/ ethylhexylglycerin, salicylic acid, parfum, bis - peg/ ppg-14/ 14 dimethicone"
Vichy Liftactiv Supreme,"krem przeciwzmarszczkowy na dzień do skóry normalnej i mieszanej, 50 ml",6,163.99,163.99,/vichy-krem-do-twarzy-50ml-000000000000302576.html,przeciwzmarszczkowy,"Aqua/Water, Glycerin, Dimethicone, Rhamnose, Isohexadecane, Alcohol Denat., Propanediol, Isopropyl Isostearate, Vinyl Dimethicone/Methicone Silsesquioxane Crosspolymer, Cetyl Alcohol, Dimethicone/Vinyl Dimethicone Crosspolymer, Behenyl Alcohol, Nylon-12, PEG-100 Stearate, Cl 77163/Bismuth Oxychloride, Cl 77891/Titanium Dioxide, Stearic Acid, Stearyl Alcohol, Arachidyl Alcohol, Cetearyl Alcohol, Cetearyl Glucoside, Caffeine, Neohesperidin Dihydrochalcone, Palmitic Acid, Phenoxyethanol, Adenosine, Ammonium Polyacryldimethyltauramide/Ammonium Polyacryloyldimethyl Taurate, Disodium Stearoyl Glutamate, Disodium EDTA, Caprylyl Glycol, Citric Acid, Synthetic Fluorphlogopite, Acrylamide/Sodium Acryloyldimethyltaurate Copolymer, Ethylhexyl Hydroxystearate, Polysorbate 80, Parfum/Fragrance",5.0,50.0,327.98,327.98,Vichy,0.0,"water,water, glycerin, dimethicone, rhamnose, isohexadecane, alcohol denat., propanediol, isopropyl isostearate, vinyl dimethicone,methicone silsesquioxane crosspolymer, cetyl alcohol, dimethicone,vinyl dimethicone crosspolymer, behenyl alcohol, nylon-12, peg-100 stearate, cl 77163,bismuth oxychloride, cl 77891,titanium dioxide, stearic acid, stearyl alcohol, arachidyl alcohol, cetearyl alcohol, cetearyl glucoside, caffeine, neohesperidin dihydrochalcone, palmitic acid, phenoxyethanol, adenosine, ammonium polyacryldimethyltauramide,ammonium polyacryloyldimethyl taurate, disodium stearoyl glutamate, disodium edta, caprylyl glycol, citric acid, synthetic fluorphlogopite, acrylamide,sodium acryloyldimethyltaurate copolymer, ethylhexyl hydroxystearate, polysorbate 80, parfum,fragrance"
Pureheals Centella 70,"łagodzący krem do twarzy z wąkrotą azjatycką 70%, 50 ml",105,119.99,119.99,/pureheals-lagodzacy-krem-do-twarzy-z-wakrota-azjatycka-70-50-ml-000000000000310430.html,"Odświeżające kolor,
Kojące,
Łagodzące,
Nawilżające,
Regenerujące,
Rozświetlające","CENTELLA ASIATICA EXTRACT, ALOE BARBADENSIS LEAF WATER, BUTYLENE GLYCOL, CYCLOPENTASILOXANE, DIGLYCERIN, NIACINAMIDE, CYCLOHEXASILOXANE, BETAINE, AQUA, SODIUM ACRYLATE/SODIUM ACRYLOYLDIMETHYL TAURATE COPOLYMER, CETEARYL ALCOHOL, OENOTHERA BIENNIS OIL, ISOHEXADECANE, CETYL PALMITATE, BENZYL ALCOHOL, SORBITAN OLIVATE, SORBITAN PALMITATE, CAPRYLHYDROXAMIC ACID, POLYSORBATE 80, 1,2-HEXANEDIOL, BOSWELLIA SERRATA RESIN EXTRACT, CAMELLIA SINENSIS LEAF EXTRACT, CHAMOMILLA RECUTITA FLOWER/LEAF EXTRACT, CITRUS GRANDIS FRUIT EXTRACT, MAGNOLIA KOBUS BARK EXTRACT, PROPOLIS EXTRACT, SALIX ALBA BARK EXTRACT, THUJOPSIS DOLABRATA BRANCH EXTRACT, PENTYLENE GLYCOL, SORBITAN OLEATE, PROPANEDIOL, CAPRYLYL GLYCOL, ADENOSINE, EUCALYPTUS GLOBULUS LEAF OIL, DISODIUM EDTA, DEHYDROACETIC ACID, LIMONENE, ARGININE, BACILLUS/SOYBEAN FERMENT EXTRACT, BORAGO OFFICINALIS SEED OIL, SIMMONDSIA CHINENSIS SEED OIL, HYDROLYZED PEA PROTEIN, PHYTOSTEROLS, LECITHIN, OLEA EUROPAEA FRUIT OIL, SQUALANE, SCUTELLARIA BAICALENSIS ROOT EXTRACT, SODIUM HYALURONATE, PHENOXYETHANOL, BUTYROSPERMUM PARKII BUTTER, CERAMIDE 3",4.6,50.0,239.98,239.98,Pureheals,0.0,"centella asiatica extract, aloe barbadensis leaf water, butylene glycol, cyclopentasiloxane, diglycerin, niacinamide, cyclohexasiloxane, betaine, water, sodium acrylate,sodium acryloyldimethyl taurate copolymer, cetearyl alcohol, oenothera biennis oil, isohexadecane, cetyl palmitate, benzyl alcohol, sorbitan olivate, sorbitan palmitate, caprylhydroxamic acid, polysorbate 80, 1,2 - hexanediol, boswellia serrata resin extract, camellia sinensis leaf extract, chamomilla recutita flower,leaf extract, citrus grandis fruit extract, magnolia kobus bark extract, propolis extract, salix alba bark extract, thujopsis dolabrata branch extract, pentylene glycol, sorbitan oleate, propanediol, caprylyl glycol, adenosine, eucalyptus globulus leaf oil, disodium edta, dehydroacetic acid, limonene, arginine, bacillus,soybean ferment extract, borago officinalis seed oil, simmondsia chinensis seed oil, hydrolyzed pea protein, phytosterols, lecithin, oleum europaea fruit oil, squalane, scutellaria baicalensis root extract, sodium hyaluronate, phenoxyethanol, butyrospermum parkii butter, ceramide 3"
Clochee Anti-Age,"przeciwzmarszczkowy krem na dzień, 50 ml",7,103.99,129.99,/clochee-przeciwzmarszczkowy-krem-na-dzien-50-ml-000000000000409805.html,przeciwzmarszczkowy,"Aqua, Sesamum Indicum Seed Oil**, Coco-Caprylate/Caprate**, Cetearyl Olivate**, Stearyl Alcohol**, Cocos Nucifera Oil**, Glycerin**, Butyrospermum Parkii Butter**, Sorbitan Olivate**, Simmondsia Chinensis Seed Oil*, Glyceryl Stearate*, Argania Spinosa Kernel Oil*, Hydrolyzed Halymenia Durvillei Polysaccharide**, Myrtus Communis Leaf Extract**, Olea Europaea Leaf Extract**, Olea Europaea Fruit Oil**, Hydrolyzed Sodium Hyaluronate*, Lysolecithin*, Sclerotium Gum*, Xanthan Gum*, Pullulan*, Benzyl Alcohol*, Salicylic Acid*, Sorbic Acid*, Sodium Hydroxide***, Parfum**
* Certified ingredients, ** Natural origin raw materials, *** Approved for natural cosmetics",3.9,50.0,259.98,207.98,Clochee,20.00153857989077,"water, sesamum indicum seed oil * *, coco - caprylate,caprate * *, cetearyl olivate * *, stearyl alcohol * *, cocos nucifera oil * *, glycerin * *, butyrospermum parkii butter * *, sorbitan olivate * *, simmondsia chinensis seed oil *, glyceryl stearate *, argania spinosa kernel oil *, hydrolyzed halymenia durvillei polysaccharide * *, myrtus communis leaf extract * *, olea europaea leaf extract * *, olea europaea fruit oil * *, hydrolyzed sodium hyaluronate *, lysolecithin *, sclerotium gum *, xanthan gum *, pullulan *, benzyl alcohol *, salicylic acid *, sorbic acid *, sodium hydroxide * * *, parfum * * 
 * certify ingredient, * * natural origin raw material, * * * approve for natural cosmetic"
Revox Just Daily Sun Shield,"krem przeciwsłoneczny do twarzy SPF50, 30 ml",1203,24.49,34.99,/revox-krem-przeciwsloneczny-do-twarzy-spf50-30-ml-000000000000387034.html,ochrona UV,"Water / Aqua, Octocrylene, Ethylhexyl Methoxycinnamate, Ethylhexyl Salicylate, Ethylhexyl Triazone, Diethylamino Hydroxybenzoyl Hexyl Benzoate, Di-C12-13 Alkyl Malate, Diisopropyl Adipate, Mineral Oil / Paraffinum Liquidum, Glycerin, Cetearyl Alcohol, Glycol Cetearate, Glyceryl Stearate, Ceteareth-20, Ceteareth-12, Cetyl Palmitate, Sodium Hyaluronate, Phenoxyethanol, Allantoin, Acrylates/C10-30 Alkyl Acrylate Crosspolymer, Triethanolamine, Fragrance / Parfum, Hexyl Cinnamal, Benzyl Salicylate, Limonene, Anise Alcohol.",4.6,30.0,116.63,81.63,Revox,30.00857387825094,"water,water, octocrylene, ethylhexyl methoxycinnamate, ethylhexyl salicylate, ethylhexyl triazone, diethylamino hydroxybenzoyl hexyl benzoate, di - c12 - 13 alkyl malate, diisopropyl adipate, mineral oil,paraffinum liquidum, glycerin, cetearyl alcohol, glycol cetearate, glyceryl stearate, ceteareth-20, ceteareth-12, cetyl palmitate, sodium hyaluronate, phenoxyethanol, allantoin, acrylates,c10 - 30 alkyl acrylate crosspolymer, triethanolamine, fragrance,parfum, hexyl cinnamal, benzyl salicylate, limonene, anise alcohol."
Ava Fill&Lift,"krem przeciwzmarszczkowy do twarzy, 50 ml",9,33.59,47.99,/ava-krem-przeciwzmarszczkowy-do-twarzy-50-ml-000000000000423677.html,przeciwzmarszczkowy,"Aqua, Vitis Vinifera Seed Oil, Glycerin, Glyceryl Stearate Citrate, Persea Gratissima Oil, Cetearyl Alcohol, Tripelargonin, Caprylic / Capric Triglyceride, C10-18 Triglycerides, Mangifera Indica Seed Butter, Caulerpa Lentillifera Extract, Sesamum Indicum Seed Extract, N-Prolyl Palmitoyl Tripeptide-56 Acetate, Olus Oil, Zea Mays Starch, Dimethyl Isosorbide, Pentylene Glycol, Caprylyl Glycol, Hydroxyethyl Acrylate/Sodium Acryloyldimethyl Taurate Copolymer, Glycine Soja Oil, Xanthan Gum, Isohexadecane, Cetearyl Wheat Straw Glycosides, Phenoxyethanol, Ethylhexylglycerin, Tocopherol, Sodium Phytate, Polysorbate 60, Beta-Sitosterol, Sorbitan Isostearate, Squalene, Sodium Benzoate, Citric Acid, Parfum",4.8,50.0,95.98,67.18,Ava,30.006251302354652,"water, vitis vinifera seed oil, glycerin, glyceryl stearate citrate, persea gratissima oil, cetearyl alcohol, tripelargonin, caprylic,capric triglyceride, c10 - 18 triglyceride, mangifera indica seed butter, caulerpa lentillifera extract, sesamum indicum seed extract, n - prolyl palmitoyl tripeptide-56 acetate, olus oil, zea mays starch, dimethyl isosorbide, pentylene glycol, caprylyl glycol, hydroxyethyl acrylate,sodium acryloyldimethyl taurate copolymer, glycine soja oil, xanthan gum, isohexadecane, cetearyl wheat straw glycosides, phenoxyethanol, ethylhexylglycerin, tocopherol, sodium phytate, polysorbate 60, beta - sitosterol, sorbitan isostearate, squalene, sodium benzoate, citric acid, parfum"
Dermedic Sunbrella Baby,"mleczko ochronne do opalania w sprayu SPF50+, 150 ml",20,69.99,69.99,/dermedic-mleczko-w-sprayu-do-opalania-150ml-000000000000309455.html,ochrona UV,"Aqua, Octocrylene, C 12-15 Alkyl Benzoate, Diethylamino Hydroxybenzoyl Hexyl Benzoate, Ethylhexyl Methoxycinnamate, Glycerin, Cyclopentasiloxane, Cyclohexasiloxane, Trimethylpentanediol/Adipic Acid/Glycerin Crosspolymer, Cetearyl Glucoside, Cetyl Alcohol, Stearyl Alcohol, PEG-100 Stearate, Glyceryl Stearate, Methylene Bis-Benzotriazolyl Tetramethylbutylphenol (nano), Decyl Glucoside, Propylene Glycol, Xanthan Gum, Panthenol, Titanium Dioxide (nano), Hydrogenated Polydecene, Polyhydroxystearic Acid, Alumina, Dimethicone, Methyl Cyclodextrin, 7-Dehydrocholesterol, Physalis Angulata Extract, Caprylic/Capric Triglyceride, Tocopherol, PEG-8, Ascorbyl Palmitate, Ascorbic Acid, Citric Acid, Parfum, Dehydroacetic Acid, Benzyl Alcohol",4.9,150.0,46.66,46.66,Dermedic,0.0,"water, octocrylene, c 12 - 15 alkyl benzoate, diethylamino hydroxybenzoyl hexyl benzoate, ethylhexyl methoxycinnamate, glycerin, cyclopentasiloxane, cyclohexasiloxane, trimethylpentanediol,adipic acid,glycerin crosspolymer, cetearyl glucoside, cetyl alcohol, stearyl alcohol, peg-100 stearate, glyceryl stearate, methylene bis - benzotriazolyl tetramethylbutylphenol (nano), decyl glucoside, propylene glycol, xanthan gum, panthenol, titanium dioxide (nano), hydrogenate polydecene, polyhydroxystearic acid, alumina, dimethicone, methyl cyclodextrin, 7 - dehydrocholesterol, physalis angulata extract, caprylic,capric triglyceride, tocopherol, peg-8, ascorbyl palmitate, ascorbic acid, citric acid, parfum, dehydroacetic acid, benzyl alcohol"
Bioliq Dermo,"naprawczy krem do cery atopowej, 180 ml",5,22.39,31.99,/bioliq-naprawczy-krem-do-cery-atopowej-180-ml-000000000000278229.html,Nawilżające,"Aqua,Cetearyl Ethylhexanoate,Isohexadecane,Cyclopentasiloxane,Glycerin,Cetyl Alcohol,Dimethicone,Macadamia Integrifolia Seed Oil,Propylene Glycol / Glycerin / Hydrolyzed Caesalpinia Spinosa Gum / Caesalpinia Spinosa Gum,Glyceryl Stearate Citrate,Panthenol,Prunus Amygdalus Dulcis Oil,Propylene Glycol / Aesculus Hippocastanum Fruit Extract,Phenoxyethanol/ Ethylhexylglycerin,Alcohol / Onopordum Acanthium Flower/Leaf/Stem Extract,Polyacrylamide / Hydrogenated Polydecene / Laureth-7,Tocopherol,Acrylates / C10-30 Alkyl Acrylate Crosspolymer,Disodium EDTA,Lactic Acid,Sodium Hydroxide,Parfum,BHA",4.6,180.0,17.77,12.44,Bioliq,30.00937793060331,"water, cetearyl ethylhexanoate, isohexadecane, cyclopentasiloxane, glycerin, cetyl alcohol, dimethicone, macadamia integrifolia seed oil, propylene glycol,glycerin,hydrolyzed caesalpinia spinosa gum,caesalpinia spinosa gum, glyceryl stearate citrate, panthenol, prunus amygdalus dulcis oil, propylene glycol,aesculus hippocastanum fruit extract, phenoxyethanol/ ethylhexylglycerin, alcohol,onopordum acanthium flower,leaf,stem extract, polyacrylamide,hydrogenated polydecene,laureth-7,tocopherol, acrylates,c10 - 30 alkyl acrylate crosspolymer, disodium edta, lactic acid, sodium hydroxide, parfum, bha"
Ava Hydro Laser,"krem o przedłużonym działaniu do twarzy na dzień z SPF15, 50 ml",5,34.99,34.99,/ava-krem-o-przedluzonym-dzialaniu-do-twarzy-na-dzien-z-spf15-50-ml-000000000000298443.html,ochrona UV,"Aqua, Persea Gratissima Oil, Glycerin, Butyl Methoxydibenzoylmethane, Ethylhexyl Methoxycinnamate, Octocrylene, Glyceryl Stearate, Butyrospermum Parkii Butter, Cocos Nucifera Oil, Hydroxyethyl Acrylate/Sodium Acryloyldimethyl Taurate Copolymer, Isohexadecane, Tocopheryl Acetate, Dimethicone, Sodium PCA, Centella Asiatica Extract, Juglans Regia Leaf Extract, Pyrus Germanica Extract, Ceteareth-20, Ceteareth-12, Xanthan Gum, Polysorbate 60, Cetearyl Alcohol, Cetyl Palmitate, Sea Salt, Sodium Carrageenan, Disodium EDTA, Ethylhexylglycerin, Phenoxyethanol, Parfum, Hydroxycitronellal, Linalool, Geraniol",4.8,50.0,69.98,69.98,Ava,0.0,"water, persea gratissima oil, glycerin, butyl methoxydibenzoylmethane, ethylhexyl methoxycinnamate, octocrylene, glyceryl stearate, butyrospermum parkii butter, cocos nucifera oil, hydroxyethyl acrylate,sodium acryloyldimethyl taurate copolymer, isohexadecane, tocopheryl acetate, dimethicone, sodium pca, centella asiatica extract, juglans regia leaf extract, pyrus germanica extract, ceteareth-20, ceteareth-12, xanthan gum, polysorbate 60, cetearyl alcohol, cetyl palmitate, sea salt, sodium carrageenan, disodium edta, ethylhexylglycerin, phenoxyethanol, parfum, hydroxycitronellal, linalool, geraniol"
Less Is More Face Care Cream,"odżywczy krem do twarzy jojoba z lukrecją, 60 ml",59,30.99,44.99,/less-is-more-odzywczy-krem-do-twarzy-jojoba-z-lukrecja-60-ml-000000000000381568.html,odżywczy,"Aqua, Prunus Amygdalus Dulcis (Sweet Almond) Oil, Coco-Caprylate/Caprate, Glycerin, Glyceryl Stearate Citrate, Cucumis Sativus (Cucumber) Seed Oil, Simmondsia Chinensis (Jojoba) Seed Oil, Cellulose, Carthamus Tinctorius (Safflower) Seed Oil, Cetearyl Alcohol, Glyceryl Stearate, Squalane, Glycyrrhiza Glabra Root Extract, Tocopherol, Helianthus Annuus (Sunflower) Seed Oil, Xanthan Gum, Potassium Sorbate, Sodium Benzoate, Benzyl alcohol, Dehydroacetic acid, Parfum.",4.0,60.0,74.98,51.65,Less Is More,31.11802622805068,"water, prunus amygdalus dulcis (sweetalmond) oil, coco - caprylate,caprate, glycerin, glyceryl stearate citrate, cucumis sativus (cucumber) seed oil, simmondsia chinensis (jojoba) seed oil, cellulose, carthamus tinctorius (safflower) seed oil, cetearyl alcohol, glyceryl stearate, squalane, glycyrrhiza glabra root extract, tocopherol, helianthus annuus (sunflower) seed oil, xanthan gum, potassium sorbate, sodium benzoate, benzyl alcohol, dehydroacetic acid, parfum."
Tołpa Estetic,"krem intensywnie odmładzający, 40 ml",6,54.99,54.99,/tolpa-krem-intensywnie-odmladzajacy-40ml-000000000000300117.html,odmładzający,"Aqua, Methylpropanediol, Coco-Caprylate, Peat Extract, Glycerin, Hyaluronic Acid, Citrus Aurantium Dulcis Callus Culture Extract, Gluconolactone, Calcium Gluconate, Xanthan Gum, Carbomer, Sodium Acrylate/Sodium Acryloyldimethyl Taurate Copolymer, Isohexadecane, Polysorbate 80, Sorbitan Oleate, Sodium Polyacrylate, Tocopherol, Sodium Hydroxide, Parfum, Caprylyl Glycol, Phenylpropanol, Sodium Benzoate, Benzoic Acid.",3.8,40.0,137.48,137.48,Tołpa,0.0,"water, methylpropanediol, coco - caprylate, peat extract, glycerin, hyaluronic acid, citrus aurantium dulcis callus culture extract, gluconolactone, calcium gluconate, xanthan gum, carbomer, sodium acrylate,sodium acryloyldimethyl taurate copolymer, isohexadecane, polysorbate 80, sorbitan oleate, sodium polyacrylate, tocopherol, sodium hydroxide, parfum, caprylyl glycol, phenylpropanol, sodium benzoate, benzoic acid."
Nivea Men Creme,"krem do twarzy, ciała i rąk męski, 75 ml",10,9.99,9.99,/nivea-krem-do-twarzy-ciala-i-rak-meski-75-ml-000000000000267523.html,Nawilżające,"Aqua, Glycerin, Paraffinum Liquidum, Alcohol Denat., Cetyl Alcohol, Glyceryl Stearate, Hydrogenated Coco-Glycerides, Stearyl Alcohol, Palmitic Acid, Stearic Acid, Cera Microcristallina, Tocopheryl Acetate, Sodium Hydroxide, Dimethicone, Myristic Acid, Arachidic Acid, Oleic Acid, Carbomer, Phenoxyethanol, Methylparaben, BHT, Parfum",5.0,75.0,13.32,13.32,Nivea,0.0,"water, glycerin, paraffinum liquidum, alcohol denat., cetyl alcohol, glyceryl stearate, hydrogenate coco - glyceride, stearyl alcohol, palmitic acid, stearic acid, cera microcristallina, tocopheryl acetate, sodium hydroxide, dimethicone, myristic acid, arachidic acid, oleic acid, carbomer, phenoxyethanol, methylparaben, bht, parfum"
Cetaphil PRO Redness Control,"krem do twarzy na dzień SPF30, 50 ml",6,89.99,104.99,/cetaphil-krem-do-twarzy-na-dzien-spf30-50-ml-000000000000384531.html,ochrona UV,"AQUA, DIMETHICONE, TITANIUM DIOXIDE [NANO], CAPRYLYL METHICONE, ZINC OXIDE [NANO], CETYL DIGLYCERYL TRIS(TRIMETHYLSILOXY)SILYLETHYL DIMETHICONE, GLYCERIN, C12-15 ALKYL BENZOATE, ISOHEXADECANE, DICAPRYLYL CARBONATE, SILICA, ALLANTOIN, BENZYL ALCOHOL, CAFFEINE, CI 77288, CI 77491, CI 77492, CI 77499, DIPOTASSIUM GLYCYRRHIZATE, ETHYLHEXYLGLYCERIN, HYDROGENATED LECITHIN, MAGNESIUM SULFATE, METHYLPROPANEDIOL, TOCOPHEROL, TRIETHOXYCAPRYLYLSILANE, TRISILOXANE. (FIL.1377.00)",4.4,50.0,209.98,179.98,Cetaphil,14.287074959519956,"water, dimethicone, titanium dioxide, nano ], caprylyl methicone, zinc oxide, nano ], cetyl diglyceryl tris(trimethylsiloxy)silylethyl dimethicone, glycerin, c12 - 15 alkyl benzoate, isohexadecane, dicaprylyl carbonate, silica, allantoin, benzyl alcohol, caffeine, ci 77288, ci 77491, ci 77492, ci 77499, dipotassium glycyrrhizate, ethylhexylglycerin, hydrogenated lecithin, magnesium sulfate, methylpropanediol, tocopherol, triethoxycaprylylsilane, trisiloxane. (fil.1377.00)"
Ducray Keracnyl Repair,"krem do twarzy, 50 ml",9,64.99,79.99,/ducray-krem-do-twarzy-50-ml-000000000000371791.html,"Nawilżające,
Regenerujące","Water (Aqua), Glycerin, Mineral Oil (Paraffinum Liquidum), Glyceryl Stearate, Peg-12, Butyrospermum Parkii (Shea) Butter (Butyrospermum Parkii Butter), Dimethicone, Microcrystalline Wax (Cera Microcristallina), Palmitic Acid, Stearic Acid, 10-Hydroxydecenoic Acid, Bht, Disodium Edta, Glyceryl Linoleate, Glyceryl Linolenate, Glyceryl Oleate, Glyceryl Palmitate, Glycine Soja (Soybean) Oil (Glycine Soja Oil), Paraffin, Tocopherol, Triethanolamine.",5.0,50.0,159.98,129.98,Ducray,18.752344043005376,"water (water), glycerin, mineral oil (paraffinumliquidum), glyceryl stearate, peg-12, butyrospermum parkii (shea) butter (butyrospermumparkiibutter), dimethicone, microcrystalline wax (ceramicrocristallina), palmitic acid, stearic acid, 10 - hydroxydecenoic acid, bht, disodium edta, glyceryl linoleate, glyceryl linolenate, glyceryl oleate, glyceryl palmitate, glycine soja (soybean) oil (glycinesojaoil), paraffin, tocopherol, triethanolamine."
Bandi Medical Expert,"przeciwstarzeniowy krem do twarzy SPF50, 50 ml",43,91.99,91.99,/bandi-przeciwstarzeniowy-krem-do-twarzy-spf50-50-ml-000000000000390631.html,ochrona UV,"Aqua/Water, Ethylhexyl Methoxycinnamate, Coco-Caprylate/Caprate, Shea Butter Ethyl Esters, Diethylamino Hydroxybenzoyl Hexyl Benzoate, Methylene Bis-Benzotriazolyl Tetramethylbutylphenol (nano), Glyceryl Stearate Citrate, Panthenol, Polyglyceryl-3 Stearate, Sodium Acrylates Copolymer, Sodium Stearoyl Glutamate, Hyaluronic Acid, Epigallocatechin Gallatyl Glucoside, Gallyl Glucoside, Propyl Gallate, Allantoin, Tocopheryl Acetate, Lecithin, Hydrogenated Lecithin, Propylene Glycol, Cetearyl Alcohol, Xanthan Gum, Tetrasodium Glutamate Diacetate, Tocopherol, Decyl Glucoside, Sodium Hydroxide, Parfum/Fragrance, Phenoxyethanol, Ethylhexylglycerin, Benzyl Alcohol, Dehydroacetic Acid",4.1,50.0,183.98,183.98,Bandi,0.0,"water,water, ethylhexyl methoxycinnamate, coco - caprylate,caprate, shea butter ethyl esters, diethylamino hydroxybenzoyl hexyl benzoate, methylene bis - benzotriazolyl tetramethylbutylphenol (nano), glyceryl stearate citrate, panthenol, polyglyceryl-3 stearate, sodium acrylates copolymer, sodium stearoyl glutamate, hyaluronic acid, epigallocatechin gallatyl glucoside, gallyl glucoside, propyl gallate, allantoin, tocopheryl acetate, lecithin, hydrogenate lecithin, propylene glycol, cetearyl alcohol, xanthan gum, tetrasodium glutamate diacetate, tocopherol, decyl glucoside, sodium hydroxide, parfum,fragrance, phenoxyethanol, ethylhexylglycerin, benzyl alcohol, dehydroacetic acid"
Make Me Bio Hydro Basic,"krem do twarzy, 60 ml",8,40.59,57.99,/make-me-bio-krem-do-twarzy-60-ml-000000000000410159.html,Nawilżające,"Aqua, Glycerin, Soybean Glycerides, Macadamia Ternifolia Seed Oil, Arachidyl Alcohol, C15-19 Alkane, Glyceryl Stearate Citrate, Tripelargonin, Caprylic/Capric Triglyceride, Cetearyl Alcohol, Xylitylglucoside, Behenyl Alcohol, Butyrospermum Parkii Butter Unsaponifiables, Anhydroxylitol, Yeast Extract, Sodium Hyaluronate, Aloe Barbadensis Extract, Panthenol, Ascorbyl Palmitate, Tocopherol, Caprylyl Glycol, Cocos Nucifera Oil, Moringa Oil/Hydrogenated Moringa Oil Esters, Helianthus Annuus Seed Oil, Prunus Amygdalus Dulcis Oil, Olus Oil, Xylitol, Coco Caprylate/Caprate, Butyrospermum Parkii Butter, Glyceryl Caprylate, Arachidyl Glucoside, Glucose, Chondrus Crispus Powder, Ceratonia Siliqua Gum, Cellulose Gum, Citric Acid, Arginine, Sodium Benzoate, Potassium Sorbate, 1,2-Hexanediol, Benzoic Acid, Triethyl Citrate.",5.0,60.0,96.65,67.65,Make Me Bio,30.005173305742368,"water, glycerin, soybean glyceride, macadamia ternifolia seed oil, arachidyl alcohol, c15 - 19 alkane, glyceryl stearate citrate, tripelargonin, caprylic,capric triglyceride, cetearyl alcohol, xylitylglucoside, behenyl alcohol, butyrospermum parkii butter unsaponifiable, anhydroxylitol, yeast extract, sodium hyaluronate, aloe barbadensis extract, panthenol, ascorbyl palmitate, tocopherol, caprylyl glycol, cocos nucifera oil, moringa oil,hydrogenated moringa oil ester, helianthus annuus seed oil, prunus amygdalus dulcis oil, olus oil, xylitol, coco caprylate,caprate, butyrospermum parkii butter, glyceryl caprylate, arachidyl glucoside, glucose, chondrus crispus powder, ceratonia siliqua gum, cellulose gum, citric acid, arginine, sodium benzoate, potassium sorbate, 1,2 - hexanediol, benzoic acid, triethyl citrate."
La Roche-Posay Pure Vitamin C Light,"intensywnie nawilżająca i ujędrniająca pielęgnacja przeciwzmarszczkowa z czystą witaminą c do twarzy, 40 ml",6,169.99,169.99,/la-roche-posay-krem-do-twarzy-40ml-000000000000250433.html,ujędrniający,"609749 09
AQUA / WATER
SQUALANE
GLYCERIN
DIMETHICONE
PROPYLENE GLYCOL
BUTYROSPERMUM PARKII BUTTER / SHEA BUTTER
CAPRYLIC/CAPRIC TRIGLYCERIDE
PEG-100 STEARATE
GLYCERYL STEARATE
PEG-20 STEARATE
BISABOLOL
CARBOMER
TRIETHANOLAMINE
AMMONIUM POLYACRYLDIMETHYLTAURAMIDE / AMMONIUM POLYACRYLOYLDIMETHYL TAURATE
HYDROXYPALMITOYL SPHINGANINE
TETRASODIUM EDTA
XANTHAN GUM
CETYL ALCOHOL
TOCOPHEROL
SODIUM BENZOATE
CAPRYLYL GLYCOL
PARFUM / FRAGRANCE",4.8,40.0,424.98,424.98,La Roche-Posay,0.0,"609749 09 
 water,water 
 squalane 
 glycerin 
 dimethicone 
 propylene glycol 
 butyrospermum parkii butter,shea butter 
 caprylic,capric triglyceride 
 peg-100 stearate 
 glyceryl stearate 
 peg-20 stearate 
 bisabolol 
 carbomer 
 triethanolamine 
 ammonium polyacryldimethyltauramide,ammonium polyacryloyldimethyl taurate 
 hydroxypalmitoyl sphinganine 
 tetrasodium edta 
 xanthan gum 
 cetyl alcohol 
 tocopherol 
 sodium benzoate 
 caprylyl glycol 
 parfum,fragrance"
Ava Beauty Home Care,"krem do twarzy na dzień i na noc z fitohormonami, 100 ml",5,49.99,49.99,/ava-krem-z-fitohormonami-100ml-000000000000264067.html,"Liftingujące,
Nawilżające,
Przeciwzmarszczkowe,
Regenerujące,
Ujędrniające,
Wygładzające","Aqua, Glycerin, Vitis Vinifera Seed Oil, Isopropyl Myristate, Hydroxyethyl Acrylate/Sodium Acryloyldimethyl Taurate Copolymer, Isohexadecane, Petrolatum, Olus Oil, Tocopheryl Acetate, Laminaria Hyperborea Extract, Sodium DNA, Chenopodium Quinoa Seed Extract, Trifolium Pratense Leaf Extract, Ascorbyl Glucoside, Glucose, Lecithin, Panthenol, Sorbitol, Tocopherol, Butylene Glycol, Phenoxyethanol, Polysorbate 60, Ethylhexylglycerin, Disodium EDTA, Sorbitan Isostearate, Potassium Sorbate, Trilaureth-4 Phosphate, Sodium Benzoate, Sorbic Acid, Parfum.",5.0,100.0,49.99,49.99,Ava,0.0,"water, glycerin, vitis vinifera seed oil, isopropyl myristate, hydroxyethyl acrylate,sodium acryloyldimethyl taurate copolymer, isohexadecane, petrolatum, olus oil, tocopheryl acetate, laminaria hyperborea extract, sodium dna, chenopodium quinoa seed extract, trifolium pratense leaf extract, ascorbyl glucoside, glucose, lecithin, panthenol, sorbitol, tocopherol, butylene glycol, phenoxyethanol, polysorbate 60, ethylhexylglycerin, disodium edta, sorbitan isostearate, potassium sorbate, trilaureth-4 phosphate, sodium benzoate, sorbic acid, parfum."
Cetaphil PS,"lipoaktywny krem nawilżający, 100 g",114,49.99,57.99,/cetaphil-krem-nawilzajacy-100g-000000000000357851.html,nawilżający,"Aqua, Glycerin, Petrolatum, Dicaprylyl Ether, Dimethicone, Glyceryl Stearate, Cetyl Alcohol, Helianthus Annuus Seed Oil, Peg-30 Stearate, Panthenol, Niacinamide, Prunus Amygdalus Dulcis Oil, Tocopherol, Tocopheryl Acetate, Pantolactone, Dimethiconol, Acrylates/C10-30 Alkyl Acrylate Crosspolymer, Carbomer, Propylene Glycol, Bht, Disodium Edta, Benzyl Alcohol, Phenoxyethanol, Sodium Hydroxide, Citric Acid. FIL.1765.V00",4.8,100.0,57.99,49.99,Cetaphil,13.795481979651663,"water, glycerin, petrolatum, dicaprylyl ether, dimethicone, glyceryl stearate, cetyl alcohol, helianthus annuus seed oil, peg-30 stearate, panthenol, niacinamide, prunus amygdalus dulcis oil, tocopherol, tocopheryl acetate, pantolactone, dimethiconol, acrylates,c10 - 30 alkyl acrylate crosspolymer, carbomer, propylene glycol, bht, disodium edta, benzyl alcohol, phenoxyethanol, sodium hydroxide, citric acid. fil.1765.v00"
Bandi C-Active Care,"emulsja z aktywną witaminą C do twarzy, 50 ml",12,99.99,99.99,/bandi-emulsja-z-aktywna-witamina-c-do-twarzy-50ml-000000000000321469.html,"Odświeżające kolor,
Nawilżające,
Ochronne,
Rozświetlające,
Wzmacniające naczynka","Aqua/Water, Butyrospermum Parkii (Shea) Butter, Ethylhexyl Stearate, Octyldodecanol, Propylene Glycol, Macadamia Integrifolia Seed Oil, Pentaerythrityl Distearate, Cyclopentasiloxane, Polyacrylate Crosspolymer-6, Arbutin, Ascorbyl Tetraisopalmitate, Tripelargonin, Tocopherol, Glycyrrhiza Glabra (Licorice) Root Extract, Morus Alba Root Extract, Prunus Persica (Peach) Leaf Extract, Scutellaria Baicalensis Root Extract, Sodium Stearoyl Glutamate, Dimethicone Crosspolymer, PEG-8, Butylene Glycol, Disodium EDTA, BHA, Ascorbic Acid, Citric Acid, Ascorbyl Palmitate, t-Butyl Alcohol, Parfum/Fragrance, Phenoxyethanol, Ethylhexylglycerin, Alpha-Isomethyl Ionone, Hexyl Cinnamal, Limonene, Linalool",4.4,50.0,199.98,199.98,Bandi,0.0,"water,water, butyrospermum parkii (shea) butter, ethylhexyl stearate, octyldodecanol, propylene glycol, macadamia integrifolia seed oil, pentaerythrityl distearate, cyclopentasiloxane, polyacrylate crosspolymer-6, arbutin, ascorbyl tetraisopalmitate, tripelargonin, tocopherol, glycyrrhiza glabra (licorice) root extract, morus alba root extract, prunus persica (peach) leaf extract, scutellaria baicalensis root extract, sodium stearoyl glutamate, dimethicone crosspolymer, peg-8, butylene glycol, disodium edta, bha, ascorbic acid, citric acid, ascorbyl palmitate, t - butyl alcohol, parfum,fragrance, phenoxyethanol, ethylhexylglycerin, alpha - isomethyl ionone, hexyl cinnamal, limonene, linalool"
Muldream All Green Mild,"nawilżający krem do twarzy, 60 ml",9,54.99,109.99,/muldream-nawilzajacy-krem-do-twarzy-60-ml-000000000000431013.html,nawilżający,"Oryza Sativa (Rice) Bran Water, Water, Butylene Glycol, Caprylic/Capric Triglyceride, Glycerin, Triethylhexanoin, C14-22 Alcohols, Glycereth-26, Hydrogenated Polydecene, Propanediol, Hydroxyethyl Acrylate/Sodium Acryloyldimethyl Taurate Copolymer, Sodium Hyaluronate, Madecassoside, Asiaticoside, Ceramide NP, Magnesium Ascorbyl Phosphate, Beta-Glucan, Anthemis Nobilis Flower Extract, Portulaca Oleracea Extract, Rosmarinus Officinalis (Rosemary) Leaf Extract, Oenothera Biennis (Evening Primrose) Oil, Linum Usitatissimum (Linseed) Seed Oil, Adenosine, C12-20 Alkyl Glucoside, Glucose, Sorbitan Isostearate, Ethylhexylglycerin, Caprylyl Glycol, 1,2-Hexanediol, Disodium EDTA",4.9,60.0,183.32,91.65,Muldream,50.00454586780616,"oryza sativa (rice) bran water, water, butylene glycol, caprylic,capric triglyceride, glycerin, triethylhexanoin, c14 - 22 alcohol, glycereth-26, hydrogenate polydecene, propanediol, hydroxyethyl acrylate,sodium acryloyldimethyl taurate copolymer, sodium hyaluronate, madecassoside, asiaticoside, ceramide np, magnesium ascorbyl phosphate, beta - glucan, anthemis nobilis flower extract, portulaca oleracea extract, rosmarinus officinalis (rosemary) leaf extract, oenothera biennis (eveningprimrose) oil, linum usitatissimum (linseed) seed oil, adenosine, c12 - 20 alkyl glucoside, glucose, sorbitan isostearate, ethylhexylglycerin, caprylyl glycol, 1,2 - hexanediol, disodium edta"
Basiclab Famillias,"nawilżający krem o bogatej konsystencji do twarzy, 75 ml",140,39.99,39.99,/basiclab-nawilzajacy-krem-o-bogatej-konsystencji-do-twarzy-75-ml-000000000000383401.html,nawilżający,"Aqua (Water), Aloe Barbadensis Leaf Juice, Prunus Amygdalus Dulcis (Sweet Almond) Oil, Vitis Vinifera (Grape) Seed Oil, Cetearyl Alcohol, Glycerin, Glyceryl Stearate Citrate, Pentylene Glycol, Sodium Hyaluronate, Cucumis Sativus Fruit Extract, Nelumbo Nucifera Flower Extract, Nymphaea Coerulea Flower Extract, Rosa Damascena Flower Water, Trehalose, Allantoin, Calcium Gluconate, Copper Gluconate, Gluconolactone, Hydroxyacetophenone, Magnesium Aspartate, Panthenol, Propanediol, Potassium Sorbate, Sodium Benzoate, Tocopherol, Zinc Gluconate.",4.4,75.0,53.32,53.32,Basiclab,0.0,"water (water), aloe barbadensis leaf juice, prunus amygdalus dulcis (sweetalmond) oil, vitis vinifera (grape) seed oil, cetearyl alcohol, glycerin, glyceryl stearate citrate, pentylene glycol, sodium hyaluronate, cucumis sativus fruit extract, nelumbo nucifera flower extract, nymphaea coerulea flower extract, rosa damascena flower water, trehalose, allantoin, calcium gluconate, copper gluconate, gluconolactone, hydroxyacetophenone, magnesium aspartate, panthenol, propanediol, potassium sorbate, sodium benzoate, tocopherol, zinc gluconate."
La Roche-Posay Anthelios,"żel-krem do twarzy z filtrem SPF50+, 50 ml",45,113.99,113.99,/la-roche-posay-zel-krem-do-twarzy-z-filtrem-spf50-50-ml-000000000000312131.html,ochrona UV,AQUA / WATER • HOMOSALATE • SILICA • OCTOCRYLENE • ETHYLHEXYL SALICYLATE • BUTYL METHOXYDIBENZOYLMETHANE • ETHYLHEXYL TRIAZONE • BIS-ETHYLHEXYLOXYPHENOL METHOXYPHENYL TRIAZINE • DROMETRIZOLE TRISILOXANE • ALUMINUM STARCH OCTENYLSUCCINATE • GLYCERIN • PENTYLENE GLYCOL • STYRENE/ACRYLATES COPOLYMER • POTASSIUM CETYL PHOSPHATE • DIMETHICONE • PERLITE • PROPYLENE GLYCOL • ACRYLATES/C10-30 ALKYL ACRYLATE CROSSPOLYMER • ALUMINUM HYDROXIDE • p-ANISIC ACID • CAPRYLYL GLYCOL • DISODIUM EDTA • INULIN LAURYL CARBAMATE • ISOPROPYL LAUROYL SARCOSINATE • PEG-8 LAURATE • SCUTELLARIA BAICALENSIS EXTRACT / SCUTELLARIA BAICALENSIS ROOT EXTRACT • SILICA SILYLATE • STEARIC ACID • STEARYL ALCOHOL • TEREPHTHALYLIDENE DICAMPHOR SULFONIC ACID • TITANIUM DIOXIDE • TITANIUM DIOXIDE [NANO] / TITANIUM DIOXIDE • TOCOPHEROL • TRIETHANOLAMINE • XANTHAN GUM • ZINC GLUCONATE (F.I.L. B205664/1).,4.7,50.0,227.98,227.98,La Roche-Posay,0.0,",,homosalate,silica,octocrylene,ethylhexyl salicylate,butyl methoxydibenzoylmethane,ethylhexyl triazone,bis - ethylhexyloxyphenol methoxyphenyl triazine,drometrizole trisiloxane,aluminum starch octenylsuccinate,glycerin,pentylene glycol,styrene,acrylates copolymer,potassium cetyl phosphate,dimethicone,perlite,propylene glycol,acrylate,c10 - 30 alkyl acrylate crosspolymer,aluminum hydroxide,p - anisic acid,caprylyl glycol,disodium edta,inulin lauryl carbamate,isopropyl lauroyl sarcosinate,peg-8 laurate,scutellaria baicalensis extract,scutellaria baicalensis root extract,silica silylate,stearic acid,stearyl alcohol,terephthalylidene dicamphor sulfonic acid,titanium dioxide,titanium dioxide, nano ],titanium dioxide,tocopherol,triethanolamine,xanthan gum,zinc gluconate f.i.l.b205664/1."
L'Oréal Paris Revitalift Filler,"krem przeciwko oznakom starzenia ze skoncentrowanym kwasem hialuronowym na dzień 40+, 50 ml",10,46.89,55.99,/loreal-paris-40-krem-z-kwasem-hialuronowym-50ml-000000000000275091.html,"Przeciwzmarszczkowe,
Uelastyczniające,
Ujędrniające",782208 51 - INGREDIENTS: AQUA / WATER • GLYCERIN • DIMETHICONE • ISOHEXADECANE • SILICA • HYDROXYETHYLPIPERAZINE ETHANE SULFONIC ACID • ALCOHOL DENAT. • DIPROPYLENE GLYCOL • SYNTHETIC WAX • CI 77163 / BISMUTH OXYCHLORIDE • CI 77891 / TITANIUM DIOXIDE • SECALE CEREALE EXTRACT / RYE SEED EXTRACT • SODIUM ACRYLATES COPOLYMER • SODIUM HYALURONATE • PHENOXYETHANOL • ADENOSINE • PEG-10 DIMETHICONE • ETHYLHEXYL HYDROXYSTEARATE • NYLON-12 • DIMETHICONE/PEG-10/15 CROSSPOLYMER • DIMETHICONE/POLYGLYCERIN-3 CROSSPOLYMER • PENTYLENE GLYCOL • SYNTHETIC FLUORPHLOGOPITE • BENZYL SALICYLATE • BENZYL ALCOHOL • LINALOOL • BENZYL BENZOATE • CAPRYLIC/CAPRIC TRIGLYCERIDE • CAPRYLYL GLYCOL • DIPOTASSIUM GLYCYRRHIZATE • ALPINIA GALANGA LEAF EXTRACT • DISTEARDIMONIUM HECTORITE • DISODIUM EDTA • CITRONELLOL • PARFUM / FRAGRANCE (F.I.L. B166675/2).,3.8,50.0,111.98,93.78,L'Oréal Paris,16.252902303982854,"782208 51 - ingredient: water,water,glycerin,dimethicone,isohexadecane,silica,hydroxyethylpiperazine ethane sulfonic acid,alcohol denat.,dipropylene glycol,synthetic wax,ci 77163,bismuth oxychloride,ci 77891,titanium dioxide,secale cereale extract,rye seed extract,sodium acrylates copolymer,sodium hyaluronate,phenoxyethanol,adenosine,peg-10 dimethicone,ethylhexyl hydroxystearate,nylon-12,dimethicone,peg-10/15 crosspolymer,dimethicone,polyglycerin-3 crosspolymer,pentylene glycol,synthetic fluorphlogopite,benzyl salicylate,benzyl alcohol,linalool,benzyl benzoate,caprylic,capric triglyceride,caprylyl glycol,dipotassium glycyrrhizate,alpinia galanga leaf extract,disteardimonium hectorite,disodium edta,citronellol,parfum,fragrance (f.i.l.b166675/2)."
Yoskine Okinawa Green Caviar,"liftingujący krem do twarzy na dzień i na noc 60+, 50 ml",5,53.99,53.99,/yoskine-liftingujacy-krem-do-twarzy-na-dzien-i-na-noc-60-50-ml-000000000000355293.html,"Liftingujące,
Przeciwzmarszczkowe","Aqua, Hydrogenated Polydecene, Caprylic/Capric Triglyceride, Cetearyl Alcohol, Glycerin, Cetearyl Ethylhexanoate, Triolein, Camellia Japonica Seed Oil, Isostearyl Hydroxystearate, Propanediol, Pentylene Glycol, Ammonium Acryloyldimethyltaurate/VP Copolymer, Glyceryl Dioleate, Caulerpa Lentillifera Extract, Cetearyl Glucoside, Butyrospermum Parkii Butter, Butylene Glycol, Palmitoyl Tripeptide-1, Palmitoyl Tetrapeptide-7, Sodium Lactate, Cichorium Intybus Root Oligosaccharides, Caesalpinia Spinosa Gum, Hydrolyzed Candida Saitoana Extract, Carbomer, Polysorbate 20, Gluconolactone, Calcium Gluconate, Sodium Benzoate, Citric Acid, Ethylhexylglycerin, Chlorphenesin, Disodium EDTA, Phenoxyethanol, Propylene Glycol, Hydroxyacetophenone, Octadecyl Di-T-Butyl-4-Hydroxyhydrocinnamate, Limonene, Linalool, Coumarin, Citral, Parfum, CI 42090, CI 19140.",5.0,50.0,107.98,107.98,Yoskine,0.0,"water, hydrogenate polydecene, caprylic,capric triglyceride, cetearyl alcohol, glycerin, cetearyl ethylhexanoate, triolein, camellia japonica seed oil, isostearyl hydroxystearate, propanediol, pentylene glycol, ammonium acryloyldimethyltaurate,vp copolymer, glyceryl dioleate, caulerpa lentillifera extract, cetearyl glucoside, butyrospermum parkii butter, butylene glycol, palmitoyl tripeptide-1, palmitoyl tetrapeptide-7, sodium lactate, cichorium intybus root oligosaccharides, caesalpinia spinosa gum, hydrolyzed candida saitoana extract, carbomer, polysorbate 20, gluconolactone, calcium gluconate, sodium benzoate, citric acid, ethylhexylglycerin, chlorphenesin, disodium edta, phenoxyethanol, propylene glycol, hydroxyacetophenone, octadecyl di - t - butyl-4 - hydroxyhydrocinnamate, limonene, linalool, coumarin, citral, parfum, ci 42090, ci 19140."
Yumi Niaci Guru,"krem-sorbet do twarzy, 50 ml",41,29.99,29.99,/yumi-krem-sorbet-do-twarzy-50-ml-000000000000401350.html,Nawilżające,"Skład/INCI: Aqua, Caprylic/Capric Triglyceride, Olea Europaea Fruit Oil, Niacinamide, Glyceryl Stearate Citrate, Isopropyl Palmitate, Cetyl Alcohol, Aloe Barbadensis Leaf Juice, Cucumis Sativus Juice, Spinacia Oleracea, Cannabis Sativa Seed Oil, Inulin, Tocopherol, Calophyllum Inophyllum Seed Oil, Sodium Hyaluronate, Fructose, Helianthus Annuus Seed Oil, Gluconolactone, Oryza Sativa Starch, Glycerin, Xanthan Gum, Trisodium Ethylenediamine Disuccinate, Sodium Benzoate, Potassium Sorbate, Citric Acid, Parfum, Linalool, Geraniol, Limonene, Benzyl Salicylate.",3.8,50.0,59.98,59.98,Yumi,0.0,"skład,inci: water, caprylic,capric triglyceride, olea europaea fruit oil, niacinamide, glyceryl stearate citrate, isopropyl palmitate, cetyl alcohol, aloe barbadensis leaf juice, cucumis sativus juice, spinacia oleracea, cannabis sativa seed oil, inulin, tocopherol, calophyllum inophyllum seed oil, sodium hyaluronate, fructose, helianthus annuus seed oil, gluconolactone, oryza sativa starch, glycerin, xanthan gum, trisodium ethylenediamine disuccinate, sodium benzoate, potassium sorbate, citric acid, parfum, linalool, geraniol, limonene, benzyl salicylate."
Emotopic MED+,"łagodzący krem na egzemę do twarzy i ciała, 75 ml",8,44.99,44.99,/emotopic-lagodzacy-krem-na-egzeme-do-twarzy-i-ciala-75-ml-000000000000389687.html,Łagodzące,"Aqua (Water), Propanediol, Paraffinum Liquidum (Mineral Oil), Orbignya Oleifera (Babassu) Seed Oil, Canola (Canola) Oil, Caprylic/Capric Triglyceride, Cetyl Alcohol, Glyceryl Stearate, Dimethicone, PEG-75 Stearate, Butyrospermum Parkii (Shea) Butter, Hydroxyacetophenone, C12-15 Alkyl Benzoate, Cannabis Sativa (Hemp) Seed Oil, Lanolin, Ceteth-20, Steareth-20, Tribehenin, Piroctone Olamine, Sodium Lauroyl Lactylate, Inulin, Citric Acid, Ceramide NG, PEG-10 Phytosterol, Alpha-Glucan Oligosaccharide, Ceramide NP, Ceramide AP, Phytosphingosine, Cholesterol, Xanthan Gum, Carbomer, Ethylhexylglycerin, Tocopherol, Palmitoyl Hexapeptide-12, Ceramide EOP, Phenoxyethanol",4.6,75.0,59.99,59.99,Emotopic,0.0,"water (water), propanediol, paraffinum liquidum (mineraloil), orbignya oleifera (babassu) seed oil, canola (canola) oil, caprylic,capric triglyceride, cetyl alcohol, glyceryl stearate, dimethicone, peg-75 stearate, butyrospermum parkii (shea) butter, hydroxyacetophenone, c12 - 15 alkyl benzoate, cannabis sativa (hemp) seed oil, lanolin, ceteth-20, steareth-20, tribehenin, piroctone olamine, sodium lauroyl lactylate, inulin, citric acid, ceramide ng, peg-10 phytosterol, alpha - glucan oligosaccharide, ceramide np, ceramide ap, phytosphingosine, cholesterol, xanthan gum, carbomer, ethylhexylglycerin, tocopherol, palmitoyl hexapeptide-12, ceramide eop, phenoxyethanol"
Tołpa Dermo Face Enzyme,"krem przeciw zaskórnikom do twarzy, 40 ml",60,27.99,39.99,/tolpa-krem-przeciw-zaskornikom-do-twarzy-40-ml-000000000000377963.html,"Antybakteryjne,
Łagodzące,
Matujące,
Nawilżające,
Wygładzające","Aqua, Glycerin, Coco-Caprylate, Olive Oil Polyglyceryl-4 Esters, Peat Extract, Papain, Hydrolyzed Algin, Zinc Sulfate, Carbomer, Sodium Hydroxide, Algin, Xanthan Gum, Tocopherol, 1,2-Hexanediol, Parfum, Phenoxyethanol, Caprylyl Glycol, Methylpropanediol, Benzoic Acid.",3.8,40.0,99.98,69.97,Tołpa,30.007501875468872,"water, glycerin, coco - caprylate, olive oil polyglyceryl-4 ester, peat extract, papain, hydrolyzed algin, zinc sulfate, carbomer, sodium hydroxide, algin, xanthan gum, tocopherol, 1,2 - hexanediol, parfum, phenoxyethanol, caprylyl glycol, methylpropanediol, benzoic acid."
Solverx dermoMen,"krem do twarzy, 50 ml",8,39.99,39.99,/solverx-krem-do-twarzy-50-ml-000000000000427485.html,Nawilżające,"Aqua, Glycerin, Olea Europaea (Olive) Fruit Oil, Helianthus Annuus (Sunflower) Seed Oil, Caprylic/Capric Triglyceride, Cetearyl Alcohol, Glyceryl Stearate Citrate, Pentylene Glycol, Simmondsia Chinensis (Jojoba) Seed Oil, Nigella Sativa (Black Seed) Seed Oil, Butyrospermum Parkii (Shea) Butter, Allantoin, Arginine, Caffeine, Glycyrrhetinic Acid, Lactobionic Acid, Hydroxyacetophenone, Panthenol, Tocopheryl Acetate, Parfum",5.0,50.0,79.98,79.98,Solverx,0.0,"water, glycerin, olea europaea (olive) fruit oil, helianthus annuus (sunflower) seed oil, caprylic,capric triglyceride, cetearyl alcohol, glyceryl stearate citrate, pentylene glycol, simmondsia chinensis (jojoba) seed oil, nigella sativa (blackseed) seed oil, butyrospermum parkii (shea) butter, allantoin, arginine, caffeine, glycyrrhetinic acid, lactobionic acid, hydroxyacetophenone, panthenol, tocopheryl acetate, parfum"
Bioderma Sébium Sensitive,"łagodzący krem wspomagający leczenie skóry trądzikowej, 30 ml",9,89.99,89.99,/bioderma-lagodzacy-krem-wspomagajacy-leczenie-skory-tradzikowej-30-ml-000000000000373612.html,Seboregulujące,"AQUA/WATER/EAU, GLYCERIN, METHYL METHACRYLATE CROSSPOLYMER, DIPROPYLENE GLYCOL, ZINC GLUCONATE, COCO-CAPRYLATE/CAPRATE, VINYL DIMETHICONE/METHICONE SILSESQUIOXANE CROSSPOLYMER, CAPRYLIC/CAPRIC TRIGLYCERIDE, ARACHIDYL ALCOHOL, BEHENYL ALCOHOL, POLYACRYLATE CROSSPOLYMER-6, SODIUM POLYACRYLATE, GLYCYRRHETINIC ACID, PROPYLENE GLYCOL, ARACHIDYL GLUCOSIDE, BAKUCHIOL, LAMINARIA OCHROLEUCA EXTRACT, MANNITOL, XYLITOL, SODIUM METABISULFITE, RHAMNOSE, GINKGO BILOBA LEAF EXTRACT, TOCOPHEROL, FRUCTOOLIGOSACCHARIDES, FRAGRANCE (PARFUM). [BI 728]",4.1,30.0,299.97,299.97,Bioderma,0.0,"water,water,eau, glycerin, methyl methacrylate crosspolymer, dipropylene glycol, zinc gluconate, coco - caprylate,caprate, vinyl dimethicone,methicone silsesquioxane crosspolymer, caprylic,capric triglyceride, arachidyl alcohol, behenyl alcohol, polyacrylate crosspolymer-6, sodium polyacrylate, glycyrrhetinic acid, propylene glycol, arachidyl glucoside, bakuchiol, laminaria ochroleuca extract, mannitol, xylitol, sodium metabisulfite, rhamnose, ginkgo biloba leaf extract, tocopherol, fructooligosaccharides, fragrance (parfum)., bi 728 ]"
Mizon,"krem ze śluzem ze ślimaka do twarzy, 75 ml",5,119.99,119.99,/mizon-krem-ze-sluzem-ze-slimaka-do-twarzy-75-ml-000000000000424399.html,Regenerujące,"Water,Snail Secretion Filtrate (46,00 ppm),Butylene Glycol,1,2-Hexanediol,Cetearyl Olivate,Sorbitan Olivate,Cetearyl Alcohol,Glyceryl Stearate,Dimethicone,Hydrogenated Vegetable Oil,Palmitic Acid,Stearic Acid,Polyacrylate-13,Dipropylene Glycol,Triethanolamine,Carbomer,Hydroxyacetophenone,PEG/PPG-17/6 Copolymer,Polyisobutene,Sodium Polyacrylate,Caprylyl Glycol,Adenosine,Polysorbate 20,Sorbitan Isostearate,Disodium EDTA,Dipotassium Glycyrrhizate,Glycerin,Alcohol,Portulaca Oleracea Extract,Gentiana Lutea Root Extract,Fragaria Chiloensis (Strawberry) Fruit Extract,Achillea Millefolium Extract,Rubus Idaeus (Raspberry) Fruit Extract,Camellia Sinensis Leaf Extract,Palmitoyl Tripeptide-5,Propylene Glycol,Centella,Asiatica Extract,Citric Acid,Sodium Hyaluronate,Beta-Glucan,Potassium Sorbate,Copper Tripeptide-I,Fragaria Vesca (Strawberry) Fruit Extract,Ethylhexylglycerin,Madecassoside,Madecassic Acid,Asiaticoside,Asiatic Acid",4.6,75.0,159.99,159.99,Mizon,0.0,"water, snail secretion filtrate (46,00ppm),butylene glycol,1,2 - hexanediol, cetearyl olivate, sorbitan olivate, cetearyl alcohol, glyceryl stearate, dimethicone, hydrogenated vegetable oil, palmitic acid, stearic acid, polyacrylate-13,dipropylene glycol, triethanolamine, carbomer, hydroxyacetophenone, peg,ppg-17/6 copolymer, polyisobutene, sodium polyacrylate, caprylyl glycol, adenosine, polysorbate 20,sorbitan isostearate, disodium edta, dipotassium glycyrrhizate, glycerin, alcohol, portulaca oleracea extract, gentiana lutea root extract, fragaria chiloensis (strawberry) fruit extract, achillea millefolium extract, rubus idaeus (raspberry) fruit extract, camellia sinensis leaf extract, palmitoyl tripeptide-5,propylene glycol, centella, asiatica extract, citric acid, sodium hyaluronate, beta - glucan, potassium sorbate, copper tripeptide - i, fragaria vesca (strawberry) fruit extract, ethylhexylglycerin, madecassoside, madecassic acid, asiaticoside, asiatic acid"
Vianek,"odżywczy krem do twarzy na dzień z ekstraktem z korzenia cykorii, 50 ml",25,26.99,26.99,/vianek-odzywczy-krem-do-twarzy-na-dzien-z-ekstraktem-z-korzenia-cykorii-50-ml-000000000000293787.html,odżywczy,"Aqua,Glycine Soja Oil,Vitis Vinifera Seed Oil,Prunus Armeniaca Kernel Oil,Sorbitan Stearate,Sucrose Cocoate,Glycerin,Cichorium Intybus Root Extract,Glyceryl Stearate,Stearic Acid,Lecithin,Cetearyl Alcohol,Tocopheryl Acetate,Xanthan Gum,Benzyl Alcohol,Parfum,Dehydroacetic Acid,Benzyl Salicylate,Hexyl Cinnamal,Coumarin,Linalool",4.5,50.0,53.98,53.98,Vianek,0.0,"water, glycine soja oil, vitis vinifera seed oil, prunus armeniaca kernel oil, sorbitan stearate, sucrose cocoate, glycerin, cichorium intybus root extract, glyceryl stearate, stearic acid, lecithin, cetearyl alcohol, tocopheryl acetate, xanthan gum, benzyl alcohol, parfum, dehydroacetic acid, benzyl salicylate, hexyl cinnamal, coumarin, linalool"
Bergamo Hyaluronic Acid,"nawilżający krem do twarzy, 50 g",18,49.99,49.99,/bergamo-nawilzajacy-krem-do-twarzy-50-g-000000000000411831.html,nawilżający,"Aqua, Mineral Oil, Glycerin, Dipropylene Glycol, Cetyl Ethylhexanoate, Stearic Acid, Niacinamide, Beeswax, Hydrogenated Polydecene, Cetearyl Alcohol, Glyceryl Stearate, Butyrospermum Parkii (Shea Butter), Sorbitan Stearate, PEG-100 Stearate, Dimethicone, Phenoxyethanol, Carbomer, Arginine , Sodium Hyaluronate, Hydrolyzed Hyaluronic Acid, Sodium Acetylated Hyaluronate, , Sea Water, Beta-Glucan, Allantoin, Disodium EDTA, Adenosine, Parfum, CI 42090",4.5,50.0,99.98,99.98,Bergamo,0.0,"water, mineral oil, glycerin, dipropylene glycol, cetyl ethylhexanoate, stearic acid, niacinamide, beeswax, hydrogenate polydecene, cetearyl alcohol, glyceryl stearate, butyrospermum parkii (sheabutter), sorbitan stearate, peg-100 stearate, dimethicone, phenoxyethanol, carbomer, arginine, sodium hyaluronate, hydrolyzed hyaluronic acid, sodium acetylated hyaluronate, , sea water, beta - glucan, allantoin, disodium edta, adenosine, parfum, ci 42090"
Bioliq Dermo,"wzmacniający krem do cery naczynkowej, 50 ml",10,17.49,24.99,/bioliq-wzmacniajacy-krem-do-cery-naczynkowej-50-ml-000000000000278227.html,Wzmacniające naczynka,"Aqua,Cetearyl Ethylhexanoate,Isohexadecane,Cyclopentasiloxane,Glycerin,Cetyl Alcohol,Dimethicone,Macadamia Integrifolia Seed Oil,Propylene Glycol/ Glycerin/ Hydrolyzed Caesalpinia Spinosa Gum/ Caesalpinia Spinosa Gum,Glyceryl Stearate Citrate,Panthenol,Prunus Amygdalus Dulcis Oil,Propylene Glycol/ Aesculus Hippocastanum Fruit Extract,Phenoxyethanol/ Ethylhexylglycerin,Alcohol/ Onopordum Acanthium Flower/Leaf/Stem Extract,Polyacrylamide/ Hydrogenated Polydecene/ Laureth-7,Tocopherol,Acrylates / C10-30 Alkyl Acrylate Crosspolymer,Disodium EDTA,Lactic Acid,Sodium Hydroxide,Parfum,BHA",4.9,50.0,49.98,34.98,Bioliq,30.01200480192077,"water, cetearyl ethylhexanoate, isohexadecane, cyclopentasiloxane, glycerin, cetyl alcohol, dimethicone, macadamia integrifolia seed oil, propylene glycol/ glycerin/ hydrolyzed caesalpinia spinosa gum/ caesalpinia spinosa gum, glyceryl stearate citrate, panthenol, prunus amygdalus dulcis oil, propylene glycol/ aesculus hippocastanum fruit extract, phenoxyethanol/ ethylhexylglycerin, alcohol/ onopordum acanthium flower,leaf,stem extract, polyacrylamide/ hydrogenate polydecene/ laureth-7,tocopherol, acrylates,c10 - 30 alkyl acrylate crosspolymer, disodium edta, lactic acid, sodium hydroxide, parfum, bha"
Revuele,"krem do twarzy z kwasem hialuronowym, 30 ml",12,23.99,23.99,/revuele-krem-do-twarzy-z-kwasem-hialuronowym-30-ml-000000000000378535.html,Nawilżające,"Aqua, Glycerin, Sodium Hyaluronate, Cetearyl Alcohol, Ethylhexyl Stearate, Glycol Cetearate, Butyrospermum Parkii Butter, Ceteareth-20,
Phenoxyethanol, Acrylates /C10-30 Alkyl Acrylate Crosspolymer, Triethanolamine, Disodium EDTA, Octadecyl Di-t-Butyl-4-Hydroxyhydrocinnamate.",4.8,30.0,79.97,79.97,Revuele,0.0,"water, glycerin, sodium hyaluronate, cetearyl alcohol, ethylhexyl stearate, glycol cetearate, butyrospermum parkii butter, ceteareth-20, 
 phenoxyethanol, acrylate /c10 - 30 alkyl acrylate crosspolymer, triethanolamine, disodium edta, octadecyl di - t - butyl-4 - hydroxyhydrocinnamate."
Yasumi M2 For Men,"krem-żel po goleniu do twarzy, 75 ml",13,34.99,54.99,/yasumi-krem-zel-do-twarzy-75ml-000000000000322513.html,Nawilżające,"AQUA, ALCOHOL DENAT., GLYCERIN, DICAPRYLYL CARBONATE, VITIS VINIFERA SEED OIL, METHYL METHACRYLATE CROSSPOLYMER, HYDROGENATED POLYDECENE, HYDROGENATED ETHYLHEXYL OLIVATE, HYDROGENATED OLIVE OIL UNSAPONIFIABLES, PHENOXYETHANOL, AMMONIUM ACRYLOYLDIMETHYLTAURATE/ VP COPOLYMER, ACRYLATES/C10-30 ALKYL ACRYLATE CROSSPOLYMER, ARGININE, CAFFEINE, SODIUM POLYACRYLATE, DIPOTASSIUM GLYCYRRHIZINATE, BETAINE, TREHALOSE, PARFUM, PANTHENOL, DISODIUM COCOAMPHODIACETATE, TRITICUM VULGARE GERM EXTRACT, SACCHAROMYCES CEREVISIAE EXTRACT, SODIUM HYALURONATE, PVP, SODIUM METABISULFITE, PANTOLACTONE, SODIUM BENZOATE, POTASSIUM SORBATE, ETHYLHEXYLGLYCERIN, MENTHOL, O-CYMEN-5-OL, HYDROXYCITRONELLAL, LIMONENE, HEXYL CINNAMAL, CITRONELLOL.",4.4,75.0,73.32,46.65,Yasumi,36.37024913620658,"water, alcohol denat., glycerin, dicaprylyl carbonate, vitis vinifera seed oil, methyl methacrylate crosspolymer, hydrogenated polydecene, hydrogenate ethylhexyl olivate, hydrogenated olive oil unsaponifiables, phenoxyethanol, ammonium acryloyldimethyltaurate/ vp copolymer, acrylates,c10 - 30 alkyl acrylate crosspolymer, arginine, caffeine, sodium polyacrylate, dipotassium glycyrrhizinate, betaine, trehalose, parfum, panthenol, disodium cocoamphodiacetate, triticum vulgare germ extract, saccharomyce cerevisiae extract, sodium hyaluronate, pvp, sodium metabisulfite, pantolactone, sodium benzoate, potassium sorbate, ethylhexylglycerin, menthol, o - cymen-5 - ol, hydroxycitronellal, limonene, hexyl cinnamal, citronellol."
Ava Aktywator Młodości,"zaawansowany lifting 100% pielęgnacji skóry ze zmarszczkami, 15 ml",20,27.99,27.99,/ava-zaawansowany-lifting-100-pielegnacji-skory-ze-zmarszczkami-15-ml-000000000000296409.html,"Liftingujące,
Napinające skórę,
Przeciwzmarszczkowe","Aqua, Glycerin, Glyceryl Stearate, Polyglyceryl-6 Palmitate/Succinate, Cetyl Alcohol, Coco-Caprylate/Caprate, Persea Gratissima Oil, Prunus Amygdalus Dulcis Oil, Dimethicone, Cetearyl Alcohol, Hydrolyzed Pearl, Sea Salt, Porphyridium Cruentum Extract, Tocopherol, Hydroxypropyl Methylcellulose, Pullulan, Olus Oil, Phenoxyethanol, Xanthan Gum, Disodium EDTA, Ethylhexylglycerin, Sodium Hydroxide, Parfum",4.6,15.0,186.6,186.6,Ava,0.0,"water, glycerin, glyceryl stearate, polyglyceryl-6 palmitate,succinate, cetyl alcohol, coco - caprylate,caprate, persea gratissima oil, prunus amygdalus dulcis oil, dimethicone, cetearyl alcohol, hydrolyzed pearl, sea salt, porphyridium cruentum extract, tocopherol, hydroxypropyl methylcellulose, pullulan, olus oil, phenoxyethanol, xanthan gum, disodium edta, ethylhexylglycerin, sodium hydroxide, parfum"
Bioliq Dermo,"krem rozjaśniający przebarwienia, 50 ml",12,17.49,24.99,/bioliq-krem-rozjasniajacy-przebarwienia-50ml-000000000000278231.html,Nawilżające,"Aqua,Isohexadecane,Cetearyl Ethylhexanoate,Cetyl Alkohol,Glycerin,Butylene Glycol/Sigesbeckia Orientalis Extract/Rabdosia Rubescens Extract,Polyacrylamide/ Hydrogenated Polydecene/ Laureth-7,Glyceryl Stearate Citrate,Butylene Glycol/ Enantia Chlorantha Extract/ Oleanolic Acid,Dimethicone,Macadamia Integrifolia Seed Oil,Sodium Palmitoyl Proline/ Nymphea Alba Flower Extract/ Butylene Glycol/ Dipropylene Glycol,Phenoxyethanol/ Ethylhexylglycerin,Alcohol/ Onoprodum Acanthium Flower/ Leaf/ Stem Extract,Glycerin/ Butylene Glycol/ Carbomer/ Polysorbate 20/ Palmitoyl Oligopeptide/ Palitoyl Tatrapeptide-7/ Sodium Lactate,Tocopherol,Disodium EDTA,Lactic Acid,Parfum,BHA",4.9,50.0,49.98,34.98,Bioliq,30.01200480192077,"water, isohexadecane, cetearyl ethylhexanoate, cetyl alkohol, glycerin, butylene glycol,sigesbeckia orientalis extract,rabdosia rubescens extract, polyacrylamide/ hydrogenate polydecene/ laureth-7,glyceryl stearate citrate, butylene glycol/ enantia chlorantha extract/ oleanolic acid, dimethicone, macadamia integrifolia seed oil, sodium palmitoyl proline/ nymphea alba flower extract/ butylene glycol/ dipropylene glycol, phenoxyethanol/ ethylhexylglycerin, alcohol/ onoprodum acanthium flower/ leaf/ stem extract, glycerin/ butylene glycol/ carbomer/ polysorbate 20/ palmitoyl oligopeptide/ palitoyl tatrapeptide-7/ sodium lactate, tocopherol, disodium edta, lactic acid, parfum, bha"
Orientana Turmeric,"naturalny krem do twarzy z kurkumą, 30 g",8,24.49,34.99,/orientana-naturalny-krem-do-twarzy-z-kurkuma-30-g-000000000000361018.html,"Antybakteryjne,
Matujące,
Nawilżające,
Seboregulujące","Aqua, Rosa Damascena Flower Water, Glycerin, Aloe Barbadensis Extract, Curcuma Longa Rhizome Extract, Glycyrrhiza Glabra Root Extract, Rubia Cordifolia Root Extract, Cucumis Sativus Extract, Bacopa Monnera Extract, Xanthan Gum, Sodium Hydroxide, Benzyl Alcohol, Decyl Glucoside, Carbomer, Sodium Benzoate, Potassium Sorbate.",3.8,30.0,116.63,81.63,Orientana,30.00857387825094,"water, rosa damascena flower water, glycerin, aloe barbadensis extract, curcuma longa rhizome extract, glycyrrhiza glabra root extract, rubia cordifolia root extract, cucumis sativus extract, bacopa monnera extract, xanthan gum, sodium hydroxide, benzyl alcohol, decyl glucoside, carbomer, sodium benzoate, potassium sorbate."
Eveline Cosmetics Men X-Treme,"multifunkcyjny krem ekstremalnie nawilżający do twarzy i ciała męski, 200 ml",18,11.99,12.99,/eveline-multifunkcyjny-krem-ekstremalnie-nawilzajacy-do-twarzy-ciala-200ml-000000000000289948.html,nawilżający,"Aqua (Water), Paraffinum Liquidum, Cetearyl Alcohol, Ceteareth-20, Petrolatum, Isopropyl Myristate, Glycerin, Dimethicone, Polybutene, Phenoxyethanol, Persea Gratissima Oil, Ethylhexyl Methoxycinnamate, Acrylates/C10-30 Alkyl Acrylate Crosspolymer, Triethanolamine, Parfum (Fragrance), DMDM Hydantoin, Panthenol, Methylparaben, Ethylparaben, Propylparaben, Butylparaben, Urea, Glucose, Polysorbate 20, PEG-20 Glyceryl Laurate, Linoleic Acid, Retinyl Palmitate, Tocopherol, Diethylhexyl Syringylidenemalonate, Caprylic/Capric Triglyceride, Propylene Glycol, Hydrolyzed Silk, Allantoin, Olus Oil, BHT, Disodium EDTA, Linalool, Benzyl Salicylate, Limonene, Amyl Cinnamal.",4.8,200.0,6.5,6.0,Eveline Cosmetics,7.698229407236336,"water (water), paraffinum liquidum, cetearyl alcohol, ceteareth-20, petrolatum, isopropyl myristate, glycerin, dimethicone, polybutene, phenoxyethanol, persea gratissima oil, ethylhexyl methoxycinnamate, acrylates,c10 - 30 alkyl acrylate crosspolymer, triethanolamine, parfum (fragrance), dmdm hydantoin, panthenol, methylparaben, ethylparaben, propylparaben, butylparaben, urea, glucose, polysorbate 20, peg-20 glyceryl laurate, linoleic acid, retinyl palmitate, tocopherol, diethylhexyl syringylidenemalonate, caprylic,capric triglyceride, propylene glycol, hydrolyzed silk, allantoin, olus oil, bht, disodium edta, linalool, benzyl salicylate, limonene, amyl cinnamal."
Eveline Cosmetics Organic Aloe,"nawilżająco-łagodzący krem-żel do twarzy, 50 ml",7,34.99,34.99,/eveline-cosmetics-nawilzajaco-lagodzacy-krem-zel-do-twarzy-50-ml-000000000000401399.html,nawilżający,"Aqua (Water),Glycerin,Aloe Barbadensis Leaf Juice,Cetearyl Alcohol,Butyrospermum Parkii Butter,Persea Gratissima Oil,Pullulan,Sodium Hyaluronate,Undaria Pinnatifida Cell Culture Extract,Alpha-Glucan Oligosaccharide,Acacia Seyal Gum Extract,Polymnia Sonchifolia Root Juice,Leuconostoc/Radish Root Ferment Filtrate,Lactobacillus,Caprylic/Capric Triglyceride,Sodium Polyacrylate,Betaine,Olus Oil,Linoleic Acid,Tocopherol,Retinyl Palmitate,Phenoxyethanol,Hydroxyacetophenone,Ethylhexylglycerin,Maltodextrin,Polysorbate 20,Trideceth-6,Paraffinum Liquidum,Sodium Sulfate,PEG-20 Glyceryl Laurate,Potassium Sorbate,Citric Acid,Diethylhexyl Syringylidenemalonate,Parfum (Fragrance),Alpha-Isomethyl Ionone,Benzyl Salicylate,Citronellol,Limonene,Hydroxycitronellal,Hexyl Cinnamal,Linalool,CI 19140,CI 42090",4.6,50.0,69.98,69.98,Eveline Cosmetics,0.0,"water (water),glycerin, aloe barbadensis leaf juice, cetearyl alcohol, butyrospermum parkii butter, persea gratissima oil, pullulan, sodium hyaluronate, undaria pinnatifida cell culture extract, alpha - glucan oligosaccharide, acacia seyal gum extract, polymnia sonchifolia root juice, leuconostoc,radish root ferment filtrate, lactobacillus, caprylic,capric triglyceride, sodium polyacrylate, betaine, olus oil, linoleic acid, tocopherol, retinyl palmitate, phenoxyethanol, hydroxyacetophenone, ethylhexylglycerin, maltodextrin, polysorbate 20,trideceth-6,paraffinum liquidum, sodium sulfate, peg-20 glyceryl laurate, potassium sorbate, citric acid, diethylhexyl syringylidenemalonate, parfum (fragrance),alpha - isomethyl ionone, benzyl salicylate, citronellol, limonene, hydroxycitronellal, hexyl cinnamal, linalool, ci 19140,ci 42090"
Soraya Duo Forte,"krem do twarzy wypełniający zmarszczki utrwalone na dzień i na noc 50+, 50 ml",9,27.99,27.99,/soraya-krem-do-twarzy-wypelniajacy-zmarszczki-utrwalone-na-dzien-i-na-noc-50-50-ml-000000000000309726.html,Liftingujące,"Aqua, Ethylhexyl Stearate, Pentaerythrityl Tetraethylhexanoate, Glycerin, Cocoglycerides, Persea Gratissima Oil, Propanediol, Cetearyl Alcohol, Dimethicone, Glyceryl Stearate, Tocopheryl Acetate, Hydroxypropyl Cyclodextrin, Sodium Hyaluronate Crosspolymer, Sodium Hyaluronate, Palmitoyl Tripeptide-38, Calcium Pantothenate, Cyanocobalamin, Folic Acid, Inositol, Niacinamide, Pyridoxine HCl, Riboflavin, Thiamine HCl, Pentylene Glycol, Butylene Glycol, Behenyl Alcohol, Pentaerythrityl Distearate, Polymethylsilsesquioxane, PEG-100 Stearate, Ethylhexyl Palmitate, Carbomer, Sodium Stearoyl Glutamate, Sodium Polyacrylate, Disodium EDTA, Sodium Hydroxide, Octadecyl Di-T-Butyl-4-Hydroxyhydrocinnamate, Silica Dimethyl Silylate, Caprylyl Glycol, DMDM Hydantoin, Methylparaben, Phenoxyethanol, Parfum, Limonene, Linalool, Alpha Isomethyl Ionone, Citronellol",4.4,50.0,55.98,55.98,Soraya,0.0,"water, ethylhexyl stearate, pentaerythrityl tetraethylhexanoate, glycerin, cocoglyceride, persea gratissima oil, propanediol, cetearyl alcohol, dimethicone, glyceryl stearate, tocopheryl acetate, hydroxypropyl cyclodextrin, sodium hyaluronate crosspolymer, sodium hyaluronate, palmitoyl tripeptide-38, calcium pantothenate, cyanocobalamin, folic acid, inositol, niacinamide, pyridoxine hcl, riboflavin, thiamine hcl, pentylene glycol, butylene glycol, behenyl alcohol, pentaerythrityl distearate, polymethylsilsesquioxane, peg-100 stearate, ethylhexyl palmitate, carbomer, sodium stearoyl glutamate, sodium polyacrylate, disodium edta, sodium hydroxide, octadecyl di - t - butyl-4 - hydroxyhydrocinnamate, silica dimethyl silylate, caprylyl glycol, dmdm hydantoin, methylparaben, phenoxyethanol, parfum, limonene, linalool, alpha isomethyl ionone, citronellol"
AA Men Advanced Care,"przeciwzmarszczkowy krem do twarzy 40+ męski, 50 ml",6,24.99,24.99,/aa-przeciwzmarszczkowy-krem-do-twarzy-40-meski-50-ml-000000000000301933.html,przeciwzmarszczkowy,"Aqua,Isohexadecane,Hexyldecanol,Hexyldecyl Laurate,Cetearyl Alcohol,Glycerin,Glyceryl Stearate Citrate,Butyrospermum Parkii Butter,Glyceryl Stearate,Octocrylene,Octyldodecanol,Dimethicone/Vinyl Dimethicone Crosspolymer,Butyl Methoxydibenzoylmethane,Ceramide NP,Tocopheryl Acetate,Avena Sativa (Oat) Kernel Extract,Sodium Hyaluronate,Silybum Marianum Seed Oil,Acetyl Hexapeptide-8,Caprylyl Glycol,Borago Officinalis Seed Oil,Squalane,Cholesterol,Hamamelis Virginiana Leaf Extract,Propylene Glycol,Allantoin,Silica,Behenyl Alcohol,Cetyl Alcohol,Myristyl Alcohol,Lauryl Alcohol,Lecithin,Polysorbate 80,Sodium Acrylate/Sodium Acryloyldimethyl Taurate Copolymer,Glyceryl Behenate,Hydrogenated Palm Oil,Pentylene Glycol,Palmitic Acid,Stearic Acid,Phenoxyethanol,Ethylhexylglycerin,Parfum",5.0,50.0,49.98,49.98,AA,0.0,"water, isohexadecane, hexyldecanol, hexyldecyl laurate, cetearyl alcohol, glycerin, glyceryl stearate citrate, butyrospermum parkii butter, glyceryl stearate, octocrylene, octyldodecanol, dimethicone,vinyl dimethicone crosspolymer, butyl methoxydibenzoylmethane, ceramide np, tocopheryl acetate, avena sativa (oat) kernel extract, sodium hyaluronate, silybum marianum seed oil, acetyl hexapeptide-8,caprylyl glycol, borago officinalis seed oil, squalane, cholesterol, hamamelis virginiana leaf extract, propylene glycol, allantoin, silica, behenyl alcohol, cetyl alcohol, myristyl alcohol, lauryl alcohol, lecithin, polysorbate 80,sodium acrylate,sodium acryloyldimethyl taurate copolymer, glyceryl behenate, hydrogenated palm oil, pentylene glycol, palmitic acid, stearic acid, phenoxyethanol, ethylhexylglycerin, parfum"
Sensilis Upgrade,"krem do twarzy, 50 ml",8,129.99,189.99,/sensilis-krem-do-twarzy-50-ml-000000000000383443.html,"Liftingujące,
Nawilżające,
Przeciwzmarszczkowe,
Ujędrniające,
Wzmacniające naczynka","Składniki aktywne: proteiny soi, komórki macierzyste czerwonego ryżu, polisacharydy owsa, masło shea, L-ornityna, miłorząb japoński, flawonoidy CM-Naringenin-Chalcone, witamina E",4.3,50.0,379.98,259.98,Sensilis,31.58060950576346,"składniki aktywne: proteiny soi, komórki macierzyste czerwonego ryżu, polisacharydy owsa, masło shea, l - ornityna, miłorząb japoński, flawonoidy cm - naringenin - chalcone, witamina e"
Bergamo Luxury Caviar,"krem przeciwzmarszczkowy z kawiorem do twarzy, 50 g",32,62.99,62.99,/bergamo-krem-przeciwzmarszczkowy-z-kawiorem-do-twarzy-50-g-000000000000262753.html,przeciwzmarszczkowy,"Aqua, Helianthus Annuus (Sunflower)seed oil, Butylene Glycol, Glycerin, Cetyl Ethylhexanoate, Hydrogenated Polydecene, Cetyl Alcohol, Stearic Acid, Beeswax, Glyceryl Stearate SE, Butyrospermum Parkii (Shea Butter), Sorbitan Stearate, Glyceryl Stearate, Dimethicone, Phenoxyethanol, PEG-100 Stearate, Carbomer, Triethanolamine, Caramel, Allantoin, Disodium EDTA, Parfum, Adenosine, Caviar Extract, Sodium Hyaluronate, CI 17200",4.6,50.0,125.98,125.98,Bergamo,0.0,"water, helianthus annuus (sunflower)seed oil, butylene glycol, glycerin, cetyl ethylhexanoate, hydrogenate polydecene, cetyl alcohol, stearic acid, beeswax, glyceryl stearate se, butyrospermum parkii (sheabutter), sorbitan stearate, glyceryl stearate, dimethicone, phenoxyethanol, peg-100 stearate, carbomer, triethanolamine, caramel, allantoin, disodium edta, parfum, adenosine, caviar extract, sodium hyaluronate, ci 17200"
Bielenda Cera naczynkowa,"krem do twarzy redukujący zaczerwienienia, 50 ml",7,18.19,24.99,/bielenda-krem-do-twarzy-redukujacy-zaczerwienienia-50-ml-000000000000362479.html,Wzmacniające naczynka,"Aqua (Water),Theobroma Cacao (Cocoa) Seed Butter,Triethylhexanoin,Persea Gratissima (Avocado) Oil,Glycerin,Propylene Glycol,Lactobionic Acid,Cocos Nucifera (Coconut) Oil,Panthenol,Cetearyl Alcohol,Glyceryl Stearate,Potassium Cetyl Phosphate,Aesculus Hippocastanum (Horse Chestnut) Seed Extract,Troxerutin,Allantoin,Tocopherol,Squalene,Ascorbyl Palmitate,Sodium Stearoyl Glutamate,Beta-Sitosterol,Vegetable Oil,Ammonium Acryloyldimethyltaurate/VP Copolymer,Glycine Soja (Soybean) Oil,Polyacrylate Crosspolymer-6,Disodium EDTA,Phenoxyethanol,Methylparaben,Ethylparaben,Parfum (Fragrance)",4.8,50.0,49.98,36.38,Bielenda,27.210884353741488,"water (water),theobroma cacao (cocoa) seed butter, triethylhexanoin, persea gratissima (avocado) oil, glycerin, propylene glycol, lactobionic acid, cocos nucifera (coconut) oil, panthenol, cetearyl alcohol, glyceryl stearate, potassium cetyl phosphate, aesculus hippocastanum (horsechestnut) seed extract, troxerutin, allantoin, tocopherol, squalene, ascorbyl palmitate, sodium stearoyl glutamate, beta - sitosterol, vegetable oil, ammonium acryloyldimethyltaurate,vp copolymer, glycine soja (soybean) oil, polyacrylate crosspolymer-6,disodium edta, phenoxyethanol, methylparaben, ethylparaben, parfum (fragrance)"
La Roche-Posay Toleriane Dermallergo,"krem do twarzy na noc, 40 ml",8,121.99,121.99,/la-roche-posay-krem-do-twarzy-na-noc-40-ml-000000000000412140.html,Kojące,"aqua / water / eau, glycerin, butylene glycol, propanediol, butyrospermum parkii butter / shea butter, pentylene glycol, squalane, niacinamide, ammonium polyacryloyldimethyl taurate, pyridoxine hcl, polysorbate 20, zea mays starch / corn starch, salvia miltiorrhiza root extract, allantoin, glyceryl acrylate/acrylic acid copolymer, sodium hydroxide, sphingomonas ferment extract, hydroxyacetophenone, caprylyl glycol, citric acid, trisodium ethylenediamine disuccinate, acetyl dipeptide-1 cetyl ester, xanthan gum, tocopherol (f.i.l. n290845/1)",4.6,40.0,304.98,304.98,Derma,0.0,",,eau, glycerin, butylene glycol, propanediol, butyrospermum parkii butter,shea butter, pentylene glycol, squalane, niacinamide, ammonium polyacryloyldimethyl taurate, pyridoxine hcl, polysorbate 20, zea mays starch,corn starch, salvia miltiorrhiza root extract, allantoin, glyceryl acrylate,acrylic acid copolymer, sodium hydroxide, sphingomonas ferment extract, hydroxyacetophenone, caprylyl glycol, citric acid, trisodium ethylenediamine disuccinate, acetyl dipeptide-1 cetyl ester, xanthan gum, tocopherol (f.i.l.n290845/1)"
Cetaphil Pro Itch Control,"balsam do nawilżania twarzy, 295 ml",5,49.99,57.99,/cetaphil-balsam-do-nawilzania-twarzy-295-ml-000000000000384535.html,Nawilżające,"Aqua, Glycerin, Caprylic/Capric Triglyceride, Helianthus Annuus Seed Oil, Pentylene Glycol, Butyrospermum Parkii Butter, Cyclopentasiloxane, Cetearyl Alcohol, Sorbitol, Behenyl Alcohol, Glyceryl Stearate, Allantoin, Arginine, Caprylyl Glycol, Ceteareth-20, Cetyl Alcohol, Citric Acid, Dimethiconol, Disodium EDTA, Disodium Ethylene Dicocamide PEG-15 Disulfate, Glyceryl Stearate Citrate, Hydroxypalmitoyl Sphinganine, Niacinamide, Panthenol, Sodium Hyaluronate, Sodium PCA, Sodium Polyacrylate, Tocopheryl Acetate.",5.0,295.0,19.66,16.95,Cetaphil,13.795481979651663,"water, glycerin, caprylic,capric triglyceride, helianthus annuus seed oil, pentylene glycol, butyrospermum parkii butter, cyclopentasiloxane, cetearyl alcohol, sorbitol, behenyl alcohol, glyceryl stearate, allantoin, arginine, caprylyl glycol, ceteareth-20, cetyl alcohol, citric acid, dimethiconol, disodium edta, disodium ethylene dicocamide peg-15 disulfate, glyceryl stearate citrate, hydroxypalmitoyl sphinganine, niacinamide, panthenol, sodium hyaluronate, sodium pca, sodium polyacrylate, tocopheryl acetate."
Bielenda Professional SupremeLab,"intensywnie odżywczy krem z ceramidami do twarzy na noc, 50 ml",164,77.99,77.99,/bielenda-professional-intensywnie-odzywczy-krem-z-ceramidami-do-twarzy-na-noc-50-ml-000000000000370079.html,odżywczy,"Aqua (Water),Caprylic/Capric Triglyceride,Squalane,Propanediol,Sorbitan Stearate,Persea Gratissima (Avocado) Oil,Orbignya Oleifera (Babassu) Seed Oil,Cetearyl Alcohol,Glyceryl Stearate,Tocopheryl Acetate,Glycerin,Sorbitan Olivate,Bertholletia Excels Seed Oil,Lanolin,Glucose,Ceramide NP,Cannabis Sativa (Hemp) Seed Oil,Ribes Nigrum (Black Currant) Seed Oil,Plukenetia Volubilis Seed Oil,Olea Europea (Olive) Fruit Oil,Allantoin,Vegetable Oil,Euphorbia Cerifera (Candelilla) Wax,Polyglyceryl-10 Laurate,Tocopherol,Beta-Sitosterol,Ascorbyl Palmitate,Beta-Carotene,Glycine Soja (Soybean) Oil,Dimethicone,Sorbityl Laurate,Xanthan Gum,Lactic Acid,Citric Acid,Disodium EDTA,Phenoxyethanol,Ethylhexylglycerin,Benzyl Alcohol,Parfum (Fragrance),Benzyl Salicylate,al",4.8,50.0,155.98,155.98,Bielenda,0.0,"water (water),caprylic,capric triglyceride, squalane, propanediol, sorbitan stearate, persea gratissima (avocado) oil, orbignya oleifera (babassu) seed oil, cetearyl alcohol, glyceryl stearate, tocopheryl acetate, glycerin, sorbitan olivate, bertholletia excels seed oil, lanolin, glucose, ceramide np, cannabis sativa (hemp) seed oil, ribes nigrum (blackcurrant) seed oil, plukenetia volubilis seed oil, olea europea (olive) fruit oil, allantoin, vegetable oil, euphorbia cerifera (candelilla) wax, polyglyceryl-10 laurate, tocopherol, beta - sitosterol, ascorbyl palmitate, beta - carotene, glycine soja (soybean) oil, dimethicone, sorbityl laurate, xanthan gum, lactic acid, citric acid, disodium edta, phenoxyethanol, ethylhexylglycerin, benzyl alcohol, parfum (fragrance),benzyl salicylate, al"
Ziaja GdanSkin,"rozświetlający krem do twarzy na dzień SPF15 głęboko nawadniający, 50 ml",26,12.29,12.29,/ziaja-rozswietlajacy-krem-do-twarzy-na-dzien-spf15-gleboko-nawadniajacy-50-ml-000000000000351269.html,nawilżający,"Aqua (Water),C12-15 Alkyl Benzoate,Glycerin,Ethylhexyl Methoxycinnamate,Triethylhexanoin,Butyl Methoxydibenzoylmethane,Dimethicone,Octocrylene,Bacopa Monniera Extract,Butylene Glycol,Hydroxyethylcellulose,Bis-Ethylhexyloxyphenol Methoxyphenyl Triazine,Polymethyl Methacrylate,Cetyl Alcohol,Glyceryl Stearate,PEG-100 Stearate,Cetyl Palmitate,Hydrogenated Coco-Glycerides,Potassium Cetyl Phosphate,Soluble Collagen,Panthenol,Saccharomyces/Zinc Ferment,Saccharomyces/Copper Ferment,Saccharomyces/Magnesium Ferment,Saccharomyces/Iron Ferment,Saccharomyces/Silicon Ferment,Propylene Glycol,Marrubium Vulgare Extract,Helichrysum Stoechas Flower Extract,Sodium Polyacrylate,Phenoxyethanol,Ethylhexylglycerin,Synthetic Fluorphlogopite,CI 77891 (Titanium Dioxide),Tin Oxide,Disodium EDTA,Mica,CI 77491 (Iron Oxides),Parfum (Fragrance),Hydroxycitronellal,Alpha-Isomethyl Ionone,Coumarin,Limonene,Linalool,Sodium Hydroxide",4.5,15.0,81.93,81.93,Ziaja,0.0,"water (water),c12 - 15 alkyl benzoate, glycerin, ethylhexyl methoxycinnamate, triethylhexanoin, butyl methoxydibenzoylmethane, dimethicone, octocrylene, bacopa monniera extract, butylene glycol, hydroxyethylcellulose, bis - ethylhexyloxyphenol methoxyphenyl triazine, polymethyl methacrylate, cetyl alcohol, glyceryl stearate, peg-100 stearate, cetyl palmitate, hydrogenated coco - glycerides, potassium cetyl phosphate, soluble collagen, panthenol, saccharomyces,zinc ferment, saccharomyces,copper ferment, saccharomyces,magnesium ferment, saccharomyces,iron ferment, saccharomyces,silicon ferment, propylene glycol, marrubium vulgare extract, helichrysum stoechas flower extract, sodium polyacrylate, phenoxyethanol, ethylhexylglycerin, synthetic fluorphlogopite, ci 77891 (titaniumdioxide),tin oxide, disodium edta, mica, ci 77491 (ironoxides),parfum (fragrance),hydroxycitronellal, alpha - isomethyl ionone, coumarin, limonene, linalool, sodium hydroxide"
Bioderma Cicabio Créme,"krem regenerująco-łagodzący, 40 ml",28,69.99,69.99,/bioderma-krem-regenerujaco-lagodzacy-40-ml-000000000000225299.html,regenerujący,"Aqua/Water/Eau, Glycerin, Ethylhexyl Palmitate, Fructooligosaccharides, Zinc Oxide, Sorbitan Stearate, Peg-30 Dipolyhydroxystearate, Butylene Glycol, Polyacrylamide, C13-14 Isoparaffin,
Laureth-7, Copper Sulfate, Mannitol, Sodium Hyaluronate, Xylitol, Zinc Sulfate, Vitis Vinifera
(Grape) Vine Extract, Rhamnose, Laureth-3, Asiaticoside, Madecassic Acid, Asiatic Acid, Hydroxyethylcellulose, Acetyl Dipeptide-1 Cetyl Ester, Potassium Sorbate, Caprylic/Capric Triglyceride, Laminaria Ochroleuca Extract. [Bi 561]",4.9,40.0,174.98,174.98,Bioderma,0.0,"water,water,eau, glycerin, ethylhexyl palmitate, fructooligosaccharide, zinc oxide, sorbitan stearate, peg-30 dipolyhydroxystearate, butylene glycol, polyacrylamide, c13 - 14 isoparaffin, 
 laureth-7, copper sulfate, mannitol, sodium hyaluronate, xylitol, zinc sulfate, vitis vinifera 
 (grape) vine extract, rhamnose, laureth-3, asiaticoside, madecassic acid, asiatic acid, hydroxyethylcellulose, acetyl dipeptide-1 cetyl ester, potassium sorbate, caprylic,capric triglyceride, laminaria ochroleuca extract., bi 561 ]"
Tołpa Dermo Face Strefa T,"matujący krem-żel nawilżający, lekki, 40 ml",19,39.99,39.99,/tolpa-matujacy-krem-zel-nawilzajacy-lekki-40-ml-000000000000360552.html,nawilżający,"Aqua, Glycerin, Coco-Caprylate, Undecane, Peat Extract, Tridecane, Sodium Polyacrylate, Hydroxyethyl Urea, Tapioca Starch, Citrus Paradisi Fruit Extract, Tocopherol, Parfum, Hydroxyethyl Acrylate/Sodium Acryloyldimethyl Taurate Copolymer, Polysorbate 60, Sorbitan Isostearate, Tetrasodium EDTA, Magnesium Aluminum Silicate, Citric Acid, Methylpropanediol, Phenoxyethanol, Caprylyl Glycol, Benzoic Acid.",3.2999999999999994,40.0,99.98,99.98,Tołpa,0.0,"water, glycerin, coco - caprylate, undecane, peat extract, tridecane, sodium polyacrylate, hydroxyethyl urea, tapioca starch, citrus paradisi fruit extract, tocopherol, parfum, hydroxyethyl acrylate,sodium acryloyldimethyl taurate copolymer, polysorbate 60, sorbitan isostearate, tetrasodium edta, magnesium aluminum silicate, citric acid, methylpropanediol, phenoxyethanol, caprylyl glycol, benzoic acid."
Bielenda Złote Ceramidy,"krem przeciwzmarszczkowy na dzień i noc do twarzy 60+, 50 ml",14,18.19,24.99,/bielenda-krem-przeciwzmarszczkowy-na-dzien-i-noc-do-twarzy-60-50-ml-000000000000401248.html,przeciwzmarszczkowy,"Aqua (Water),Tripelargonin,Orbignya Oleifera (Babassu) Seed Oil,Persea Gratissima (Avocado) Oil,Olea Europaea (Olive) Husk Oil,Pentaerythrityl Distearate,Glyceryl Stearate,Butyrospermum Parkii (Shea Butter),Cetearyl Ethylhexanoate,Glycerin,Isodecyl Neopentanoate,Calophyllum Inophyllum Seed Oil,Olea Europaea (Olive) Fruit Oil,Glycine Soja (Soybean) Oil,Vegetable Oil,Ceramide NP,Ceramide AP,Ceramide EOP,Gold (nano),Palmitoyl Tripeptide-5,Hydrolyzed Collagen,Phytosphingosine,Cholesterol,Arachidyl Alcohol,Behenyl Alcohol,Maltooligosyl Glucoside,Arachidyl Glucoside,Hydrogenated Starch Hydrolysate,Sodium Lauroyl Lactylate,Sodium Stearoyl Glutamate,Tocopherol,Beta-Sitosterol,Squalene,Ascorbyl Palmitate,Disodium EDTA,Xanthan Gum,Carbomer,Sodium Polyacrylate,Benzyl Alcohol,Phenoxyethanol,Ethylhexylglycerin,Parfum (Fragrance),Benzyl Salicylate,Hexyl Cinnamal,Limonene,Linalool",4.9,50.0,49.98,36.38,Bielenda,27.210884353741488,"water (water),tripelargonin, orbignya oleifera (babassu) seed oil, persea gratissima (avocado) oil, olea europaea (olive) husk oil, pentaerythrityl distearate, glyceryl stearate, butyrospermum parkii (sheabutter),cetearyl ethylhexanoate, glycerin, isodecyl neopentanoate, calophyllum inophyllum seed oil, olea europaea (olive) fruit oil, glycine soja (soybean) oil, vegetable oil, ceramide np, ceramide ap, ceramide eop, gold (nano),palmitoyl tripeptide-5,hydrolyze collagen, phytosphingosine, cholesterol, arachidyl alcohol, behenyl alcohol, maltooligosyl glucoside, arachidyl glucoside, hydrogenated starch hydrolysate, sodium lauroyl lactylate, sodium stearoyl glutamate, tocopherol, beta - sitosterol, squalene, ascorbyl palmitate, disodium edta, xanthan gum, carbomer, sodium polyacrylate, benzyl alcohol, phenoxyethanol, ethylhexylglycerin, parfum (fragrance),benzyl salicylate, hexyl cinnamal, limonene, linalool"
Orientana,"krem do twarzy z żeń-szeń indyjski na dzień i noc, 40 g",61,31.49,45.99,/orientana-krem-do-twarzy-z-zen-szen-indyjski-na-dzien-i-noc-40-g-000000000000275781.html,"Nawilżające,
Odżywcze,
Wygładzające","INCI: Aqua, Helianthus Annuus Seed Oil, Caprylic/Capric triglyceride, Glyceryl Stearate, Plant Glycerin, Triticum Vulgare Germ Oil, Butyrospermum Parki Butter, Stearic Acid, Withania Somnifera Root Extract, Prunus Amygdalus Dulcis Oil, Carica Papaya Fruit Extract, Isopropyl Myristate, Glyceryl Caprylate, Cethyl Alcohol, Citrus Grandis Seed Oil, Sesamum Indicum Seed Oil, Hydnocarpus Laurifolia Oil, Crocus Sativus Flower Extract, Persea Gratissima Oil, Santalum Album Oil, Daucus Carota Sativa Seed Oil, Citric Acid, Sodium Benzoate, Potassium Sorbate.",4.7,40.0,114.98,78.72,Orientana,31.528593172428792,"inci: water, helianthus annuus seed oil, caprylic,capric triglyceride, glyceryl stearate, plant glycerin, triticum vulgare germ oil, butyrospermum parki butter, stearic acid, withania somnifera root extract, prunus amygdalus dulcis oil, carica papaya fruit extract, isopropyl myristate, glyceryl caprylate, cethyl alcohol, citrus grandis seed oil, sesamum indicum seed oil, hydnocarpus laurifolia oil, crocus sativus flower extract, persea gratissima oil, santalum album oil, daucus carota sativa seed oil, citric acid, sodium benzoate, potassium sorbate."
Bioliq Specialist,"krem normalizujący niwelujący niedoskonałości na dzień, 30 ml",9,18.19,25.99,/bioliq-krem-normalizujacy-niwelujacy-niedoskonalosci-na-dzien-30ml-000000000000296195.html,Nawilżające,"Aqua,Polyacrylamide/ Hydrogenated Polydecene/ Laureth-7,Cetearyl Ethylhexanoate,Cetyl Alcohol,Stearyl Alcohol,Butylene Glycol/ PEG-60 Almond Glycerides/ Caprylyl Glycol/ Glycerin/ Carbomer/ Nordihydroguaiaretic Acid/ Oleanolic Acid,Isohexadecane,Glyceryl Stearate Citrate,Aloe Barbadensis Leaf Juice,Gluconolactone,Propylene Glycol/ Glycerin/ Hydrolyzed Caesalpinia Spinosa Gum/ Caesalpinia Spinosa Gum,Glycerin,Macadamia Integrifolia Seed Oil,C13-C15 Alkane,Methyl Methacrylate Crosspolymer,Salicylic Acid,Tocopherol,Phenoxyethanol/Ethylhexylglycerin,Sodium Hydroxide,Disodium EDTA,BHA,Parfum",4.4,30.0,86.63,60.63,Bioliq,30.011542901115806,"water, polyacrylamide/ hydrogenate polydecene/ laureth-7,cetearyl ethylhexanoate, cetyl alcohol, stearyl alcohol, butylene glycol/ peg-60 almond glycerides/ caprylyl glycol/ glycerin/ carbomer/ nordihydroguaiaretic acid/ oleanolic acid, isohexadecane, glyceryl stearate citrate, aloe barbadensis leaf juice, gluconolactone, propylene glycol/ glycerin/ hydrolyzed caesalpinia spinosa gum/ caesalpinia spinosa gum, glycerin, macadamia integrifolia seed oil, c13 - c15 alkane, methyl methacrylate crosspolymer, salicylic acid, tocopherol, phenoxyethanol,ethylhexylglycerin, sodium hydroxide, disodium edta, bha, parfum"
Bioliq Dermo,"krem do cery trądzikowej na dzień, 50 ml",8,17.49,24.99,/bioliq-krem-do-cery-tradzikowej-na-dzien-50-ml-000000000000278226.html,Seboregulujące,"Aqua,Cetearyl Ethylhexanoate,Cyclopentasiloxane,Cetyl Alcohol,Isohexadecane,Macadamia Integrifolia Seed Oil,Glycerin,Polyacrylamide/ Hydrogenated Polydecene/ Laureth-7,Glyceryl Stearate Citrate,Stearyl Alcohol,Aloe Barbadensis Leaf Juice,Glycerin/ Alcohol/ Cimicifuga Racemosa Root Extract,Aqua/ PEG-60 Almond Glycerides/ Butylene Glycol/ Caprylyl Glycol/ Carbomer/ Glycerin/ Nordihydroguaiaretic Acid/ Oleanolic Acid,Glycerin/ Camellia Sinensis Leaf Extract,Dimethicone,Phenoxyethanol/ Ethylhexylglycerin,Alcohol/ Onopordum Acanthium Flower/ Leaf/ Stem Extract,Tocopherol,Disodium EDTA,Lactic Acid,Parfum,BHA",3.9,50.0,49.98,34.98,Bioliq,30.01200480192077,"water, cetearyl ethylhexanoate, cyclopentasiloxane, cetyl alcohol, isohexadecane, macadamia integrifolia seed oil, glycerin, polyacrylamide/ hydrogenate polydecene/ laureth-7,glyceryl stearate citrate, stearyl alcohol, aloe barbadensis leaf juice, glycerin/ alcohol/ cimicifuga racemosa root extract, water/ peg-60 almond glycerides/ butylene glycol/ caprylyl glycol/ carbomer/ glycerin/ nordihydroguaiaretic acid/ oleanolic acid, glycerin/ camellia sinensis leaf extract, dimethicone, phenoxyethanol/ ethylhexylglycerin, alcohol/ onopordum acanthium flower/ leaf/ stem extract, tocopherol, disodium edta, lactic acid, parfum, bha"
Bandi Pro Care,"krem z kwasem migdałowym i polihydroksykwasami do twarzy, 50 ml",48,79.99,79.99,/bandi-krem-z-kwasem-migdalowym-polihydroksykwasami-do-twarzy-50ml-000000000000355278.html,"Napinające skórę,
Przeciwzmarszczkowe,
Rozświetlające,
Wygładzające","Aqua/Water, Propylene Glycol, Cyclopentasiloxane, Mandelic Acid, Caprylic/Capric Triglyceride, Ethylhexyl Stearate, Glyceryl Stearate, Cetearyl Alcohol, Paraffinum Liquidum, Cyclohexasiloxane, Gluconolactone, Sodium Hydroxide, Dimethicone, Lactobionic Acid, Ceteareth-20, PEG-100 Stearate, Dimethicone/Vinyl Dimethicone Crosspolymer, Polyacrylate Crosspolymer-6, Disodium EDTA, Parfum/Fragrance, Phenoxyethanol, Ethylhexylglycerin, Citronellol, Limonene, Geraniol, Hexyl Cinnamal, Linalool",4.9,50.0,159.98,159.98,Bandi,0.0,"water,water, propylene glycol, cyclopentasiloxane, mandelic acid, caprylic,capric triglyceride, ethylhexyl stearate, glyceryl stearate, cetearyl alcohol, paraffinum liquidum, cyclohexasiloxane, gluconolactone, sodium hydroxide, dimethicone, lactobionic acid, ceteareth-20, peg-100 stearate, dimethicone,vinyl dimethicone crosspolymer, polyacrylate crosspolymer-6, disodium edta, parfum,fragrance, phenoxyethanol, ethylhexylglycerin, citronellol, limonene, geraniol, hexyl cinnamal, linalool"
La Roche-Posay Anthelios,"mleczko ochronne z filtrem dla dzieci SPF50+, 50 ml",9,99.99,99.99,/la-roche-posay-mleczko-ochronne-z-filtrem-dla-dzieci-spf50-50-ml-000000000000312278.html,ochrona UV,"AQUA / WATER
GLYCERIN
C12-15 ALKYL BENZOATE
CAPRYLIC/CAPRIC TRIGLYCERIDE
ETHYLHEXYL SALICYLATE
BIS-ETHYLHEXYLOXYPHENOL METHOXYPHENYL TRIAZINE
ALCOHOL DENAT.
TITANIUM DIOXIDE
BUTYL METHOXYDIBENZOYLMETHANE
DROMETRIZOLE TRISILOXANE
STYRENE/ACRYLATES COPOLYMER
DIMETHICONE
ZEA MAYS STARCH / CORN STARCH
PROPYLENE GLYCOL
SYNTHETIC WAX
DIETHYLHEXYL BUTAMIDO TRIAZONE
POTASSIUM CETYL PHOSPHATE
ALUMINUM HYDROXIDE
AMMONIUM POLYACRYLDIMETHYLTAURAMIDE / AMMONIUM POLYACRYLOYLDIMETHYL TAURATE
BUTYROSPERMUM PARKII BUTTER / SHEA BUTTER
CAPRYLYL GLYCOL
DISODIUM EDTA
GLYCERYL STEARATE
HYDROXYPROPYL METHYLCELLULOSE
PALMITIC ACID
PEG-100 STEARATE
PEG-8 LAURATE
STEARIC ACID
TOCOPHEROL
TRIETHANOLAMINE",5.0,50.0,199.98,199.98,La Roche-Posay,0.0,", 
 glycerin 
 c12 - 15 alkyl benzoate 
 caprylic,capric triglyceride 
 ethylhexyl salicylate 
 bis - ethylhexyloxyphenol methoxyphenyl triazine 
 alcohol denat. 
 titanium dioxide 
 butyl methoxydibenzoylmethane 
 drometrizole trisiloxane 
 styrene,acrylates copolymer 
 dimethicone 
 zea mays starch,corn starch 
 propylene glycol 
 synthetic wax 
 diethylhexyl butamido triazone 
 potassium cetyl phosphate 
 aluminum hydroxide 
 ammonium polyacryldimethyltauramide,ammonium polyacryloyldimethyl taurate 
 butyrospermum parkii butter,shea butter 
 caprylyl glycol 
 disodium edta 
 glyceryl stearate 
 hydroxypropyl methylcellulose 
 palmitic acid 
 peg-100 stearate 
 peg-8 laurate 
 stearic acid 
 tocopherol 
 triethanolamine"
Dermika 100% for Men,"wygładzający krem przeciw zmarszczkom do twarzy na dzień i noc 40+ męski, 50 ml",8,62.99,62.99,/dermika-krem-do-twarzy-40-50ml-000000000000260085.html,Przeciwzmarszczkowe,"Aqua, Glycerin, Ethylhexyl Stearate, Macadamia Integrifolia Seed Oil, Zea Mays Oil, Propylene Glycol, Caprylic/Capric Triglyceride, Glyceryl Stearate, Glyceryl Stearate Citrate, Cetyl Alcohol, Niacinamide, Prunus Amygdalus Dulcis Seed Extract, Laminaria Ochroleuca Extract, Tocopheryl Acetate, Tocopherol, Hydroxypropyl Cyclodextrin, Ascorbyl Palmitate, Artemia Extract, Ethylhexylglycerin, Ascorbic Acid, Crocus Chrysanthus Bulb Extract, Palmitoyl Tripeptide-38, Glucose, Dimethicone, Methyl Methacrylate Crosspolymer, Carbomer, Disodium EDTA, Acacia Senegal Gum, Sodium Hydroxide, PEG-8, Citric Acid, Diazolidinyl Urea, Methylparaben, Propylparaben, Phenoxyethanol, Potassium Sorbate, Parfum, Limonene, Linalool, Benzyl Salicylate, Coumarin",5.0,50.0,125.98,125.98,Dermika,0.0,"water, glycerin, ethylhexyl stearate, macadamia integrifolia seed oil, zea mays oil, propylene glycol, caprylic,capric triglyceride, glyceryl stearate, glyceryl stearate citrate, cetyl alcohol, niacinamide, prunus amygdalus dulcis seed extract, laminaria ochroleuca extract, tocopheryl acetate, tocopherol, hydroxypropyl cyclodextrin, ascorbyl palmitate, artemia extract, ethylhexylglycerin, ascorbic acid, crocus chrysanthus bulb extract, palmitoyl tripeptide-38, glucose, dimethicone, methyl methacrylate crosspolymer, carbomer, disodium edta, acacia senegal gum, sodium hydroxide, peg-8, citric acid, diazolidinyl urea, methylparaben, propylparaben, phenoxyethanol, potassium sorbate, parfum, limonene, linalool, benzyl salicylate, coumarin"
Colyfine Redox,"nawilżający krem do twarzy na dzień, 50 ml",5,79.99,79.99,/colyfine-krem-do-twarzy-na-dzien-50ml-000000000000252784.html,nawilżający,"Aqua, Polyacrylate-13, Polyisobutene, Polysorbate 20, Dimethicone, Glycerin, Caprylic/Capric Triglyceride, Isopropyl Isostearate, Persea Gratissima Oil, Squalane, Hesperidin Methyl Chalcone, Palmitoyl Oligopeptide, Palmitoyl Tetrapeptide-7, Tocopheryl Acetate, Euphrasia Officinalis Extract, Allantoin, Collagen Amino Acids, Elastin, Elastin Amino Acids, Sodium Hyaluronate, Phenoxyethanol, Benzoic Acid, Dehydroacetic Acid, Ethylhexylglycerin, Polyaminopropyl Biguanide.",4.0,50.0,159.98,159.98,Colyfine,0.0,"water, polyacrylate-13, polyisobutene, polysorbate 20, dimethicone, glycerin, caprylic,capric triglyceride, isopropyl isostearate, persea gratissima oil, squalane, hesperidin methyl chalcone, palmitoyl oligopeptide, palmitoyl tetrapeptide-7, tocopheryl acetate, euphrasia officinalis extract, allantoin, collagen amino acids, elastin, elastin amino acids, sodium hyaluronate, phenoxyethanol, benzoic acid, dehydroacetic acid, ethylhexylglycerin, polyaminopropyl biguanide."
Farmstay,"żel do twarzy i ciała, 300 ml",6,39.99,39.99,/farmstay-zel-do-twarzy-i-ciala-300-ml-000000000000407005.html,"Kojące,
Łagodzące,
Regenerujące,
Ujędrniające,
Wygładzające","Aqua, Glycerin, Alcohol, Propylene Glycol, Carbomer, Polysorbate 80, Hamameils Virginiana extract, Camellia Sinensis Leaf extract, Althaea Rosea root, Aloe Barbadensis leaf extract, Snail secretion filterate, Triethanolamine, Disodium EDTA, Phenoxyethanol, Parfum.",4.8,300.0,13.33,13.33,Farmstay,0.0,"water, glycerin, alcohol, propylene glycol, carbomer, polysorbate 80, hamameils virginiana extract, camellia sinensis leaf extract, althaea rosea root, aloe barbadensis leaf extract, snail secretion filterate, triethanolamine, disodium edta, phenoxyethanol, parfum."
Ziaja Liście Manuka,"krem mikrozłuszczający do twarzy z kwasem migdałowym na noc, 50 ml",39,13.99,13.99,/ziaja-krem-mikrozluszczajacy-do-twarzy-z-kwasem-migdalowym-na-noc-50ml-000000000000260095.html,Nawilżające,"Aqua (Water),Isohexadecane,Cyclopentasiloxane,Propylene Glycol,Mandelic Acid,Glyceryl Stearate,PEG-100 Stearate,Hydroxyethyl Acrylate/Sodium Acryloyldimethyl Taurate Copolymer,Cetyl Alcohol,Panthenol,Zinc Gluconate,Leptospermum Scoparium Leaf Extract,Xanthan Gum,Diazolidinyl Urea,Methylparaben,Propylparaben,Parfum (Fragrance),Benzyl Salicylate,Hexyl Cinnamal,Limonene,Linalool,Citral,Eugenol,Triethanolamine",4.8,50.0,27.98,27.98,Ziaja,0.0,"water (water),isohexadecane, cyclopentasiloxane, propylene glycol, mandelic acid, glyceryl stearate, peg-100 stearate, hydroxyethyl acrylate,sodium acryloyldimethyl taurate copolymer, cetyl alcohol, panthenol, zinc gluconate, leptospermum scoparium leaf extract, xanthan gum, diazolidinyl urea, methylparaben, propylparaben, parfum (fragrance),benzyl salicylate, hexyl cinnamal, limonene, linalool, citral, eugenol, triethanolamine"
Ziaja Jeju,"biały mus do twarzy, 50 ml",29,11.99,11.99,/ziaja-bialy-mus-do-twarzy-50-ml-000000000000364580.html,Oczyszczające,"Aqua (Water),Ethylhexyl Methoxycinnamate,Canola Oil,Isononyl Isononanoate,Propylene Glycol,Glyceryl Stearate,PEG-100 Stearate,Butyl Methoxydibenzoylmethane,Butyrospermum Parkii (Shea Butter),Dimethicone,Octocrylene,Glycerin,Betaine,Bacopa Monniera Extract,Butylene Glycol,Hydroxyethylcellulose,Camellia Japonica Seed Oil,Populus Tremuloides Bark Extract,Cistus Incanus Flower/Leaf/Stem Extract,Sodium Polyacrylate Starch,Carbomer,Disodium EDTA,DMDM Hydantoin,Methylparaben,Parfum (Fragrance),Sodium Hydroxide",4.5,50.0,23.98,23.98,Ziaja,0.0,"water (water),ethylhexyl methoxycinnamate, canola oil, isononyl isononanoate, propylene glycol, glyceryl stearate, peg-100 stearate, butyl methoxydibenzoylmethane, butyrospermum parkii (sheabutter),dimethicone, octocrylene, glycerin, betaine, bacopa monniera extract, butylene glycol, hydroxyethylcellulose, camellia japonica seed oil, populus tremuloides bark extract, cistus incanus flower,leaf,stem extract, sodium polyacrylate starch, carbomer, disodium edta, dmdm hydantoin, methylparaben, parfum (fragrance),sodium hydroxide"
Avène Dermabsolu,"krem na dzień modelujący owal twarzy, 40 ml",10,123.69,168.99,/avene-krem-na-dzien-modelujacy-owal-twarzy-40-ml-000000000000371803.html,Przeciwzmarszczkowe,Avene Thermal Spring Water (Avene Aqua) Pentaerythrityl Tracaprylate/Tetracaprate Glycerin Coco-Caprylate/Caprate Tribehenin Peg-20 Esters Butyrospermum Parkii (Shea) Butter (Butyrospermum Parkii Butter) Methyl Gluceth-20 Dimethicone Glyceryl Linoleate Bakuchiol Behenyl Alcohol Bis-Peg-12 Dimethicone Beeswax Polymethyl Methacrylate Simmondsia Chinensis (Jojoba) Seed Oil (Simmondsia Chinensis Seed Oil) Behenic Acid Benzoic Acid Caprylic/Capric Triglyceride Caprylyl Glycol Dimethicone Crosspolymer Disodium Edta Fragrance (Parfum) Glyceryl Linolenate Glyceryl Oleate Glyceryl Palmitate Glyceryl Stearate Glycine Soja (Soybean) Oil (Glycine Soja Oil) Helianthus Annuus (Sunflower) Seed Oil (Helianthus Annuus Seed Oil) Hydrogenated Polyisobutene Hydrogenated Starch Hydrolysate Hydroxyethyl Acrylate/Sodium Acryloyldimethyl Taurate Copolymer Mica Peg-7 Trimethylolpropane Coconut Ether Propylene Glycol Silica Sodium Hydroxide Sodium Stearoyl Glutamate Sorbitan Isostearate Titanium Dioxide (Ci 77891) Tocopherol Tocopheryl Glucoside Tribehenin Vanilla Tahitensis Fruit Extract Water (Aqua).,5.0,40.0,422.48,309.23,Avène,26.80631990058584,"avene thermal spring water (avenewater) pentaerythrityl tracaprylate,tetracaprate glycerin coco - caprylate,caprate tribehenin peg-20 esters butyrospermum parkii (shea) butter (butyrospermumparkiibutter) methyl gluceth-20 dimethicone glyceryl linoleate bakuchiol behenyl alcohol bis - peg-12 dimethicone beeswax polymethyl methacrylate simmondsia chinensis (jojoba) seed oil (simmondsiachinensisseedoil) behenic acid benzoic acid caprylic,capric triglyceride caprylyl glycol dimethicone crosspolymer disodium edta fragrance (parfum) glyceryl linolenate glyceryl oleate glyceryl palmitate glyceryl stearate glycine soja (soybean) oil (glycinesojaoil) helianthus annuus (sunflower) seed oil (helianthusannuusseedoil) hydrogenated polyisobutene hydrogenated starch hydrolysate hydroxyethyl acrylate,sodium acryloyldimethyl taurate copolymer mica peg-7 trimethylolpropane coconut ether propylene glycol silica sodium hydroxide sodium stearoyl glutamate sorbitan isostearate titanium dioxide (ci77891) tocopherol tocopheryl glucoside tribehenin vanilla tahitensis fruit extract water (water)."
Cetaphil,"krem nawilżający do twarzy na dzień, 88 ml",7,74.99,74.99,/cetaphil-krem-nawilzajacy-do-twarzy-na-dzien-88-ml-000000000000384527.html,nawilżający,"Aqua, Dicaprylyl Carbonate, Cyclopentasiloxane, Glycerin, Hydroxyethyl Urea, Glyceryl Stearate, PEG-100 Stearate, Acrylates/C10-30 Alkyl Acrylate Crosspolymer, Caprylyl Glycol, Cetyl Alcohol, Erythritol, Glycine Soja Oil, Homarine HCL, Hydrolyzed Hyaluronic Acid, Phenoxyethanol, Potassium Sorbate, Sodium Benzoate, Sodium Hydroxide, Sodium PCA, Tocopherol FIL 1407",4.6,88.0,85.22,85.22,Cetaphil,0.0,"water, dicaprylyl carbonate, cyclopentasiloxane, glycerin, hydroxyethyl urea, glyceryl stearate, peg-100 stearate, acrylates,c10 - 30 alkyl acrylate crosspolymer, caprylyl glycol, cetyl alcohol, erythritol, glycine soja oil, homarine hcl, hydrolyzed hyaluronic acid, phenoxyethanol, potassium sorbate, sodium benzoate, sodium hydroxide, sodium pca, tocopherol fil 1407"
Vichy Normaderm Phytosolution,"krem przeciw niedoskonałościom o podwójnym działaniu, 50 ml",26,117.99,117.99,/vichy-krem-przeciw-niedoskonalosciom-o-podwojnym-dzialaniu-50-ml-000000000000365910.html,"Nawilżające,
Regenerujące",AQUA / WATER - GLYCERIN - SALICYLIC ACID - ISONONYL ISONONANOATE - BUTYLENE GLYCOL - KAOLIN - ZINC SULFATE - BIFIDA FERMENT LYSATE - SODIUM HYDROXIDE - SODIUM POLYACRYLATE - SODIUM HYALURONATE - SODIUM BENZOATE - PHENOXYETHANOL - ASCORBYL GLUCOSIDE - CAPRYLYL GLYCOL - HYDROLYZED ALGIN - TRISODIUM ETHYLENEDIAMINE DISUCCINATE - BIOSACCHARIDE GUM-1 - ACRYLATES/C10-30 ALKYL ACRYLATE CROSSPOLYMER - PARFUM / FRAGRANCE,4.5,50.0,235.98,235.98,Vichy,0.0,"water,water - glycerin - salicylic acid - isononyl isononanoate - butylene glycol - kaolin - zinc sulfate - bifida ferment lysate - sodium hydroxide - sodium polyacrylate - sodium hyaluronate - sodium benzoate - phenoxyethanol - ascorbyl glucoside - caprylyl glycol - hydrolyzed algin - trisodium ethylenediamine disuccinate - biosaccharide gum-1 - acrylates,c10 - 30 alkyl acrylate crosspolymer - parfum,fragrance"
Skin79 Waterproof Sun Gel UV,"lekki krem przeciwsłoneczny do twarzy z SPF50 PA++++, 100 ml",95,84.99,84.99,/skin79-lekki-krem-przeciwsloneczny-do-twarzy-z-spf50-pa-100-ml-000000000000435701.html,ochrona UV,"Water,Ethylhexyl Methoxycinnamate,Ethylhexyl Salicylate,Homosalate,Propanediol,Diethylamino Hydroxybenzoyl Hexyl Benzoate,Bis-Ethylhexyloxyphenol Methoxyphenyl Triazine,Pentylene Glycol,1,2-Hexanediol,Ammonium Acryloyldimethyltaurate/VP Copolymer,Octyldodecanol,Dimethicone,Phenoxyethanol,Glyceryl Stearate,Fragrance (Limonene, Linalool, Citronellol, Citral, Hydroxycitronellal),Acrylates/C10-30 Alkyl Acrylate Crosspolymer,Tromethamine,Polyglyceryl-3 Methylglucose Distearate,Polysorbate 20,PEG-100 Stearate,Helianthus Annuus (Sunflower) Seed Oil,Calendula Officinalis Flower Extract,Houttuynia Cordata Extract,Aloe Barbadensis Leaf Water,Centella Asiatica Extract,Chamomilla Recutita (Matricaria) Flower Extract,Butylene Glycol,Caprylyl Glycol",5.0,100.0,84.99,84.99,Skin79,0.0,"water, ethylhexyl methoxycinnamate, ethylhexyl salicylate, homosalate, propanediol, diethylamino hydroxybenzoyl hexyl benzoate, bis - ethylhexyloxyphenol methoxyphenyl triazine, pentylene glycol,1,2 - hexanediol, ammonium acryloyldimethyltaurate,vp copolymer, octyldodecanol, dimethicone, phenoxyethanol, glyceryl stearate, fragrance ( limonene, linalool, citronellol, citral, hydroxycitronellal),acrylates,c10 - 30 alkyl acrylate crosspolymer, tromethamine, polyglyceryl-3 methylglucose distearate, polysorbate 20,peg-100 stearate, helianthus annuus (sunflower) seed oil, calendula officinalis flower extract, houttuynia cordata extract, aloe barbadensis leaf water, centella asiatica extract, chamomilla recutita (matricaria) flower extract, butylene glycol, caprylyl glycol"
Beauty In The City,"baza pod makijaż 2w1, 50 ml",6,13.29,18.99,/beauty-in-the-city-baza-pod-makijaz-2w1-50-ml-000000000000406960.html,"Nawilżające,
Wygładzające","Aqua, Coco-Caprylate, Glycerin, Tapioca Starch, Polyquaternium-37, Argania Spinosa Kernel Oil, Sodium Ascorbyl Phosphate, Uapaca Bojeri Leaf Extract, Citrus Aurantifolia Fruit Extract, Panthenol, Tocopherol, Dicaprylyl Carbonate, Lauryl Glucoside, Propanediol, Parfum, Potassium Phosphate, Sodium Hydroxide, Mica, Tin Oxide, Phenoxyethanol, Caprylyl Glycol, Sodium Benzoate, Potassium Sorbate, CI 77891, CI 16255",2.8,50.0,37.98,26.58,Beauty In The City,30.015797788309634,"water, coco - caprylate, glycerin, tapioca starch, polyquaternium-37, argania spinosa kernel oil, sodium ascorbyl phosphate, uapaca bojeri leaf extract, citrus aurantifolia fruit extract, panthenol, tocopherol, dicaprylyl carbonate, lauryl glucoside, propanediol, parfum, potassium phosphate, sodium hydroxide, mica, tin oxide, phenoxyethanol, caprylyl glycol, sodium benzoate, potassium sorbate, ci 77891, ci 16255"
L'Oréal Paris Revitalift Clinical,"rozświetlający krem z witaminą C i SPF50 do twarzy na dzień, 50 ml",10,47.99,58.99,/loreal-paris-rozswietlajacy-krem-z-witamina-c-i-spf50-do-twarzy-na-dzien-50-ml-000000000000434916.html,ochrona UV,"Aqua/Water, Alcohol Denat., Diisopropyl Sebacate, Silica, Isopropyl Myristate, Ethylhexyl Salicylate, Ethylhexyl Triazone, Bis-Ethylhexyloxyphenol Methoxyphenyl Triazine, Butyl Methoxydibenzoylmethane, Glycerin, Propanediol, C12-22 Alkyl Acrylate/Hydroxyethylacrylate Copolymer, Drometrizole Trisiloxane, Perlite, Caprylic/Capric Triglyceride, Tocopherol, Ascorbyl Glucoside, Hydroxyacetophenone, Hydroxyethylcellulose, Sodium Hyaluronate, Triethanolamine, Trisodium Ethylenediamine Disuccinate, Caprylyl Glycol, Terephthalylidene Dicamphor Sulfonic Acid, Acrylates/C10-30 Alkyl Acrylate Crosspolymer, Parfum/Fragrance (F.I.L. Z70013153/1)",4.9,50.0,117.98,95.98,L'Oréal Paris,18.64722834378708,"water,water, alcohol denat., diisopropyl sebacate, silica, isopropyl myristate, ethylhexyl salicylate, ethylhexyl triazone, bis - ethylhexyloxyphenol methoxyphenyl triazine, butyl methoxydibenzoylmethane, glycerin, propanediol, c12 - 22 alkyl acrylate,hydroxyethylacrylate copolymer, drometrizole trisiloxane, perlite, caprylic,capric triglyceride, tocopherol, ascorbyl glucoside, hydroxyacetophenone, hydroxyethylcellulose, sodium hyaluronate, triethanolamine, trisodium ethylenediamine disuccinate, caprylyl glycol, terephthalylidene dicamphor sulfonic acid, acrylates,c10 - 30 alkyl acrylate crosspolymer, parfum,fragrance (f.i.l.z70013153/1)"
AA Aloes Pink,"regenerujący krem-maska na noc, 50 ml",5,23.99,23.99,/aa-regenerujacy-krem-maska-na-noc-50-ml-000000000000415188.html,regenerujący,"Aqua,Glycerin,Hydrogenated Polydecene,Pentaerythrityl Tetraisostearate,Glyceryl Caprylate/Caprate,Betaine,Aloe Vera Leaf Extract,Trehalose,Xylitylglucoside,Anhydroxylitol,Xylitol,Alpha-Glucan Oligosaccharide,Pentylene Glycol,Sodium Lactate,Fructose,Urea,Maltose,Allantoin,Panthenol,Sodium PCA,Sodium Hyaluronate,Glucose,Hydroxyethyl Urea,Hydrolyzed Caesalpinia Spinosa Gum,Caesalpinia Spinosa Gum,Hydroxyethyl Acrylate/Sodium Acryloyldimethyl Taurate Copolymer,Glyceryl Acrylate/Acrylic Acid Copolymer,Dimethicone,Dimethicone Crosspolymer,Carbomer,Sodium Benzotriazolyl Butylphenol Sulfonate,Buteth-3,Tributyl Citrate,Sodium Chloride,Phenoxyethanol,Ethylhexylglycerin,Potassium Sorbate,Triethanolamine,Sodium Hydroxide,Citric Acid,Parfum,Synthetic Fluorphlogopite,Silica,Mica,CI 77491,CI 77891,CI 77510",3.8,50.0,47.98,47.98,AA,0.0,"water, glycerin, hydrogenated polydecene, pentaerythrityl tetraisostearate, glyceryl caprylate,caprate, betaine, aloe vera leaf extract, trehalose, xylitylglucoside, anhydroxylitol, xylitol, alpha - glucan oligosaccharide, pentylene glycol, sodium lactate, fructose, urea, maltose, allantoin, panthenol, sodium pca, sodium hyaluronate, glucose, hydroxyethyl urea, hydrolyzed caesalpinia spinosa gum, caesalpinia spinosa gum, hydroxyethyl acrylate,sodium acryloyldimethyl taurate copolymer, glyceryl acrylate,acrylic acid copolymer, dimethicone, dimethicone crosspolymer, carbomer, sodium benzotriazolyl butylphenol sulfonate, buteth-3,tributyl citrate, sodium chloride, phenoxyethanol, ethylhexylglycerin, potassium sorbate, triethanolamine, sodium hydroxide, citric acid, parfum, synthetic fluorphlogopite, silica, mica, ci 77491,ci 77891,ci 77510"
Miya Cosmetics MyWonderBalm,"nawilżająco-odżywczy krem z masłem mango do twarzy, 75 ml",109,32.99,32.99,/miya-cosmetics-krem-nawilzajaco-odzywczy-z-maslem-mango-75ml-000000000000294705.html,odżywczy,"Aqua*,Decyl Oleate*,Glycerin*,Propylheptyl Caprylate,Potassium Cetyl Phosphate*,Cetearyl Alcohol*,Vitis Vinifera Seed Oil*,Mangifera Indica Seed Butter*,Hydrolyzed Caesalpinia Spinosa Gum*,Caesalpinia Spinosa Gum*,Panthenol,Palmitic Acid*,Stearic Acid*,Phenoxyethanol,Ethylhexylglycerin,Sodium Polyacrylate,Tocopheryl Acetate,Tocopherol*,Triethanolamine,Xanthan Gum*,Sodium Phytate*,Hydrogenated Palm Glycerides Citrate*,Potassium Sorbate,Citric Acid*,Alcohol*,Parfum,Citronellol,Limonene,Linalool,*składnik pochodzenia naturalnego",3.8,75.0,43.99,43.99,Miya Cosmetics,0.0,"water*,decyl oleate*,glycerin*,propylheptyl caprylate, potassium cetyl phosphate*,cetearyl alcohol*,vitis vinifera seed oil*,mangifera indica seed butter*,hydrolyzed caesalpinia spinosa gum*,caesalpinia spinosa gum*,panthenol, palmitic acid*,stearic acid*,phenoxyethanol, ethylhexylglycerin, sodium polyacrylate, tocopheryl acetate, tocopherol*,triethanolamine, xanthan gum*,sodium phytate*,hydrogenate palm glycerides citrate*,potassium sorbate, citric acid*,alcohol*,parfum, citronellol, limonene, linalool,*składnik pochodzenia naturalnego"
Tołpa Holistic,"wygładzający krem-maska przeciwzmarszczkowy do twarzy na noc, 40 ml",14,49.99,49.99,/tolpa-wygladzajacy-krem-maska-przeciwzmarszczkowy-do-twarzy-na-noc-40-ml-000000000000377208.html,przeciwzmarszczkowy,"Aqua, Glycerin, Coco-Caprylate, Butyrospermum Parkii Butter, Caprylic/Capric Triglyceride, Cetearyl Alcohol, Peat Extract, Ceteareth-20, Azelaic Acid, Sodium Hyaluronate, Rhodiola Rosea Root Extract, Phytosterols, Lecithin, Hydrolyzed Algin, Hyaluronic Acid, Tocopherol, Carbomer, Xanthan Gum, Pentylene Glycol, Sodium Hydroxide, Tetrasodium EDTA, Alcohol, Parfum, Phenoxyethanol, Caprylyl Glycol, Methylpropanediol, Benzoic Acid, Potassium Sorbate, Ethylhexylglycerin.",4.8,40.0,124.98,124.98,Tołpa,0.0,"water, glycerin, coco - caprylate, butyrospermum parkii butter, caprylic,capric triglyceride, cetearyl alcohol, peat extract, ceteareth-20, azelaic acid, sodium hyaluronate, rhodiola rosea root extract, phytosterol, lecithin, hydrolyzed algin, hyaluronic acid, tocopherol, carbomer, xanthan gum, pentylene glycol, sodium hydroxide, tetrasodium edta, alcohol, parfum, phenoxyethanol, caprylyl glycol, methylpropanediol, benzoic acid, potassium sorbate, ethylhexylglycerin."
Be Organic Masło Kakaowe & Kwas Hialuronowy,"nawilżający krem do twarzy, 50 ml",5,47.99,47.99,/be-organic-krem-do-twarzy-50ml-000000000000281986.html,nawilżający,"Aqua, Glyceryl Stearate, Dicaprylyl Carbonate, Propanediol, Cetearyl Alcohol, Simmondsia Chinensis Seed Oil*, Olus Oil, Glycerin, Cocoglycerides, Hexyldecanol, Hexyldecyl Laurate, Argania Spinosa Karnel Oil*, Betaine, Butyrospermum Parkii, Butter, Theobroma Cacao Speed Butter, Xanthan Gum, Saccharide Isomerate , Benzyl Alcohol, Sodium Stearoyl Glutamate, Hydrogenated Vegetable Oil, Tocopheryl Acetate, Perfum, Candelilla Cera, Carthamus Tinctorius (Safflower) Seed Oil, Prunus Amygdalus Dulcis ( Sweet Almond) Oil, Dehydroacetic Acid, , Citric Acid, Sodium Phytate, Sodium Hyaluronate, Myrothamnus Flabellifolia Extract, Ascorbyl Palmitate, Linoleic Acid, Lycium Barbarum Fruit Ectract*, Sodium Citrate , Vitis Vinifera Leaf Extract*, Ascorbic Acid, Potassium Sorbate, Sodium Benzoate, Alcohol, Tocopherol",4.200000000000001,50.0,95.98,95.98,Be Organic,0.0,"water, glyceryl stearate, dicaprylyl carbonate, propanediol, cetearyl alcohol, simmondsia chinensis seed oil *, olus oil, glycerin, cocoglyceride, hexyldecanol, hexyldecyl laurate, argania spinosa karnel oil *, betaine, butyrospermum parkii, butter, theobroma cacao speed butter, xanthan gum, saccharide isomerate, benzyl alcohol, sodium stearoyl glutamate, hydrogenated vegetable oil, tocopheryl acetate, perfum, candelilla cera, carthamus tinctorius (safflower) seed oil, prunus amygdalus dulcis (sweetalmond) oil, dehydroacetic acid, , citric acid, sodium phytate, sodium hyaluronate, myrothamnus flabellifolia extract, ascorbyl palmitate, linoleic acid, lycium barbarum fruit ectract *, sodium citrate, vitis vinifera leaf extract *, ascorbic acid, potassium sorbate, sodium benzoate, alcohol, tocopherol"
Ziaja Baltic Home Spa Witalizacja,"odżywczy krem-maska do twarzy, 50 ml",8,12.49,12.49,/ziaja-odzywczy-krem-maska-do-twarzy-50-ml-000000000000415352.html,odżywczy,"Aqua (Water), Octyldodecanol, Canola Oil, Glyceryl Stearate, PEG-100 Stearate, Cetyl Alcohol, Dimethicone, Cetyl Palmitate, Glycerin, Butyrospermum Parkii (Shea) Butter, Methylsilanol Mannuronate, Sodium Acrylate/Sodium Acryloyldimethyl Taurate Copolymer, Isohexadecane, Polysorbate 80, Propylene Glycol, Hydrolyzed Caesalpinia Spinosa Gum, Caesalpinia Spinosa Gum, Butylene Glycol, Prunus Mume Fruit Extract, Vegetable Collagen (Collagen Amino Acids), Sodium Hyaluronate, Xanthan Gum, Cetyl Hydroxyethylcellulose, Hydroxyacetophenone, Methylparaben, Parfum (Fragrance), Hexyl Cinnamal, Citronellol, Limonene, Citric Acid. Podana lista składników jest zgodna z aktualnym stanem wytwarzania na 2021-10",5.0,50.0,24.98,24.98,Ziaja,0.0,"water (water), octyldodecanol, canola oil, glyceryl stearate, peg-100 stearate, cetyl alcohol, dimethicone, cetyl palmitate, glycerin, butyrospermum parkii (shea) butter, methylsilanol mannuronate, sodium acrylate,sodium acryloyldimethyl taurate copolymer, isohexadecane, polysorbate 80, propylene glycol, hydrolyzed caesalpinia spinosa gum, caesalpinia spinosa gum, butylene glycol, prunus mume fruit extract, vegetable collagen (collagenaminoacids), sodium hyaluronate, xanthan gum, cetyl hydroxyethylcellulose, hydroxyacetophenone, methylparaben, parfum (fragrance), hexyl cinnamal, citronellol, limonene, citric acid. podana lista składników jest zgodna z aktualnym stanem wytwarzania na 2021 - 10"
Bandi Veno Care,"krem redukujący zaczerwienienia do twarzy, 50 ml",13,64.99,64.99,/bandi-krem-redukujacy-zaczerwienienia-do-twarzy-50-ml-000000000000351187.html,"Kojące,
Natłuszczające,
Ochronne,
Wzmacniające naczynka","Aqua/Water, Paraffinum Liquidum, Ethylhexyl Stearate, Propylene Glycol, Cetearyl Alcohol, Caprylic/Capric Triglyceride, Glyceryl Stearate, Glycerin, Arachidyl Alcohol, PEG-100 Stearate, Aesculus Hippocastanum (Horse Chestnut) Seed Extract, Cupressus Sempervirens Seed Extract, Tilia Cordata Wood Extract, Lecithin, Sophora Japonica Bud Extract, Behenyl Alcohol, Dimethicone, Arachidyl Glucoside, Butylene Glycol, Tocopherol, Ascorbyl Palmitate, Ascorbic Acid, PEG-8, Ethylhexylglycerin, Disodium EDTA, Trisodium EDTA, Citric Acid, Triethanolamine, Parfum/Fragrance, Phenoxyethanol, Potassium Sorbate, Sorbic Acid, Citronellol, Linalool",4.0,50.0,129.98,129.98,Bandi,0.0,"water,water, paraffinum liquidum, ethylhexyl stearate, propylene glycol, cetearyl alcohol, caprylic,capric triglyceride, glyceryl stearate, glycerin, arachidyl alcohol, peg-100 stearate, aesculus hippocastanum (horsechestnut) seed extract, cupressus sempervirens seed extract, tilia cordata wood extract, lecithin, sophora japonica bud extract, behenyl alcohol, dimethicone, arachidyl glucoside, butylene glycol, tocopherol, ascorbyl palmitate, ascorbic acid, peg-8, ethylhexylglycerin, disodium edta, trisodium edta, citric acid, triethanolamine, parfum,fragrance, phenoxyethanol, potassium sorbate, sorbic acid, citronellol, linalool"
Holika Holika Aloe Water Proof Sun Gel,"wodoodporny krem-żel przeciwsłoneczny do twarzy SPF50 PA++++, 100 ml",549,89.99,89.99,/holika-holika-wodoodporny-krem-zel-przeciwsloneczny-do-twarzy-spf50-pa-100-ml-000000000000390581.html,ochrona UV,"WATER DIBUTYL ADIPATE PROPANEDIOL DIETHYLAMINO HYDROXYBENZOYL HEXYL BENZOATE POLYMETHYLSILSESQUIOXANE ETHYLHEXYL TRIAZONE NIACINAMIDE METHYLENE BIS-BENZOTRIAZOLYL TETRAMETHYLBUTYLPHENOL COCO-CAPRYLATE/CAPRATE CAPRYLYL METHICONE DIETHYLHEXYL BUTAMIDO TRIAZONE GLYCERIN BUTYLENE GLYCOL 1,2-HEXANEDIOL PENTYLENE GLYCOL BEHENYL ALCOHOL POLY C10-30 ALKYL ACRYLATE POLYGLYCERYL-3 METHYLGLUCOSE DISTEARATE DECYL GLUCOSIDE TROMETHAMINE CARBOMER FRAGRANCE ACRYLATES/C10-30 ALKYL ACRYLATE CROSSPOLYMER SODIUM STEAROYL GLUTAMATE POLYACRYLATE CROSSPOLYMER-6 ETHYLHEXYLGLYCERIN ADENOSINE XANTHAN GUM T-BUTYL ALCOHOL TOCOPHEROL HIPPOPHAE RHAMNOIDES FRUIT EXTRACT ASCORBIC ACID DAUCUS CAROTA SATIVA (CARROT) ROOT EXTRACT ROSA CANINA FRUIT EXTRACT PYRUS MALUS (APPLE) FRUIT EXTRACT PRUNUS ARMENIACA (APRICOT) JUICE MORINGA OLEIFERA SEED OIL CERAMIDE NP PHYTOSPHINGOSINE ALOE FEROX LEAF EXTRACT HYDROGENATED LECITHIN ARTEMISIA CAPILLARIS EXTRACT",4.4,100.0,89.99,89.99,Holika Holika,0.0,"water dibutyl adipate propanediol diethylamino hydroxybenzoyl hexyl benzoate polymethylsilsesquioxane ethylhexyl triazone niacinamide methylene bis - benzotriazolyl tetramethylbutylphenol coco - caprylate,caprate caprylyl methicone diethylhexyl butamido triazone glycerin butylene glycol 1,2 - hexanediol pentylene glycol behenyl alcohol poly c10 - 30 alkyl acrylate polyglyceryl-3 methylglucose distearate decyl glucoside tromethamine carbomer fragrance acrylates,c10 - 30 alkyl acrylate crosspolymer sodium stearoyl glutamate polyacrylate crosspolymer-6 ethylhexylglycerin adenosine xanthan gum t - butyl alcohol tocopherol hippophae rhamnoides fruit extract ascorbic acid daucus carota sativa (carrot) root extract rosa canina fruit extract pyrus malus (apple) fruit extract prunus armeniaca (apricot) juice moringa oleifera seed oil ceramide np phytosphingosine aloe ferox leaf extract hydrogenate lecithin artemisia capillaris extract"
Floslek Green,"krem z selerem do twarzy SPF15, 50 ml",5,24.99,24.99,/floslek-krem-z-selerem-do-twarzy-spf15-50-ml-000000000000410755.html,ochrona UV,"Aqua*, Titanium Dioxide (nano)*, Isopropyl Myristate*, Isopropyl Palmitate*, Caprylic/Capric Triglyceride*, Glycerin*, Shea Butter Ethyl Esters*, Silica*, Cetearyl Alcohol*, Glyceryl Stearate*, Ceteareth-20, Butyrospermum Parkii Butter*, Carum Petroselinum Extract*, Apium Graveolens Seed Extract*, Cucumis Sativus Extract*, Centella Asiatica Extract*, Cetearyl Olivate*, Sorbitan Olivate*, Isopentyldiol, Carbomer, Triethanolamine, Sodium Phytate*, Tocopheryl Acetate,
Tocopherol, Parfum, Citric Acid, Dimethicone, Methylpropanediol, Caprylyl Glycol, Polyquaternium-
80, Didecyldimonium chloride, Potassium Sorbate, Sodium Benzoate.
*składniki pochodzenia naturalnego / ingredients of natural origin",4.1,50.0,49.98,49.98,Floslek,0.0,"water *, titanium dioxide (nano) *, isopropyl myristate *, isopropyl palmitate *, caprylic,capric triglyceride *, glycerin *, shea butter ethyl esters *, silica *, cetearyl alcohol *, glyceryl stearate *, ceteareth-20, butyrospermum parkii butter *, carum petroselinum extract *, apium graveolens seed extract *, cucumis sativus extract *, centella asiatica extract *, cetearyl olivate *, sorbitan olivate *, isopentyldiol, carbomer, triethanolamine, sodium phytate *, tocopheryl acetate, 
 tocopherol, parfum, citric acid, dimethicone, methylpropanediol, caprylyl glycol, polyquaternium- 
 80, didecyldimonium chloride, potassium sorbate, sodium benzoate. 
 * składniki pochodzenia naturalnego,ingredient of natural origin"
Eveline Cosmetics Gold Revita Expert 30+,"luksusowy wygładzający krem-serum z 24k złotem 30+, 50 ml",15,18.29,23.99,/eveline-30-krem-ultra-wygladzajacy-do-twarzy-50ml-000000000000312686.html,Liftingujące,"'Aqua (Water),Propylene Glycol,Glycerin,Cetearyl Alcohol,Glyceryl Stearate,PEG-100 Stearate,Dimethicone,Isopropyl Myristate,Aluminum Starch Octenylsuccinate,Ethylhexyl Stearate,Dicaprylyl Ether,Myristyl Myristate,Betaine,Aleurites Moluccana Seed Oil,Argania Spinosa Kernel Oil,Macadamia Ternifolia Seed Oil,Glycine Soja Oil,Olus Oil,Maris Limus Extract,Ostrea Shell Extract,Gardenia Jasminoides Maristem Cell Culture,Collagen Amino Acids,Pyrus Malus Fruit Extract,Linoleic Acid,Tocopherol,Tocopheryl Acetate,Retinyl Palmitate,Gold,Polyacrylamide,Parfum (Fragrance),Phenoxyethanol,Methylparaben,Ethylparaben,Propylparaben,Butylparaben,DMDM Hydantoin,Ethylhexylglycerin,Potassium Sorbate,C13-14 Isoparaffin,Sodium Polyacrylate,Polysorbate 20,Laureth-7,PEG-20 Glyceryl Laurate,Caprylic/Capric Triglyceride,Diethylhexyl Syringylidenemalonate,Xanthan Gum,Disodium EDTA,Benzyl Salicylate,Citronellol,Coumarin,Hexyl Cinnamal,Hydroxycitronellal,Limonene,Linalool,CI 77820,CI 16255,CI 19140. '",4.8,50.0,47.98,36.58,Eveline Cosmetics,23.759899958315962,"' water (water),propylene glycol, glycerin, cetearyl alcohol, glyceryl stearate, peg-100 stearate, dimethicone, isopropyl myristate, aluminum starch octenylsuccinate, ethylhexyl stearate, dicaprylyl ether, myristyl myristate, betaine, aleurites moluccana seed oil, argania spinosa kernel oil, macadamia ternifolia seed oil, glycine soja oil, olus oil, maris limus extract, ostrea shell extract, gardenia jasminoides maristem cell culture, collagen amino acids, pyrus malus fruit extract, linoleic acid, tocopherol, tocopheryl acetate, retinyl palmitate, gold, polyacrylamide, parfum (fragrance),phenoxyethanol, methylparaben, ethylparaben, propylparaben, butylparaben, dmdm hydantoin, ethylhexylglycerin, potassium sorbate, c13 - 14 isoparaffin, sodium polyacrylate, polysorbate 20,laureth-7,peg-20 glyceryl laurate, caprylic,capric triglyceride, diethylhexyl syringylidenemalonate, xanthan gum, disodium edta, benzyl salicylate, citronellol, coumarin, hexyl cinnamal, hydroxycitronellal, limonene, linalool, ci 77820,ci 16255,ci 19140. '"
Bandi UV Expert,"Pre-D3 zaawansowany krem nawilżający do twarzy SPF50, 50 ml",158,76.99,76.99,/bandi-pre-d3-zaawansowany-krem-nawilzajacy-do-twarzy-spf50-50-ml-000000000000296056.html,nawilżający,"AQUA/WATER, ETHYLHEXYL METHOXYCINNAMATE, SHEA BUTTER ETHYL ESTERS, DIETHYLAMINO HYDROXYBENZOYL HEXYL BENZOATE, METHYLENE BIS-BENZOTRIAZOLYL TETRAMETHYLBUTYLPHENOL (NANO), GLYCERIN, METHYL METHACRYLATE CROSSPOLYMER, CAPRYLIC/CAPRIC TRIGLYCERIDE, ETHYLHEXYL STEARATE, PENTAERYTHRITYL DISTEARATE, SODIUM STEAROYL GLUTAMATE, POLYACRYLATE CROSSPOLYMER-6, PANTHENOL, CETEARYL ALCOHOL, ARGANIA SPINOSA KERNEL OIL, ECTOIN, METHYL CYCLODEXTRIN, POLYGONUM AVICULARE EXTRACT, 7-DEHYDROCHOLESTEROL, DECYL GLUCOSIDE, CITRIC ACID, DISODIUM EDTA, PROPYLENE GLYCOL, XANTHAN GUM, DIETHYLHEXYL SYRINGYLIDENE MALONATE, PEG-8, TOCOPHEROL, ASCORBYL PALMITATE, ASCORBIC ACID, BHT, PARFUM/FRAGRANCE, PHENOXYETHANOL, ETHYLHEXYLGLYCERIN, SODIUM BENZOATE, POTASSIUM SORBATE",2.8999999999999995,50.0,153.98,153.98,Bandi,0.0,"water,water, ethylhexyl methoxycinnamate, shea butter ethyl ester, diethylamino hydroxybenzoyl hexyl benzoate, methylene bis - benzotriazolyl tetramethylbutylphenol (nano), glycerin, methyl methacrylate crosspolymer, caprylic,capric triglyceride, ethylhexyl stearate, pentaerythrityl distearate, sodium stearoyl glutamate, polyacrylate crosspolymer-6, panthenol, cetearyl alcohol, argania spinosa kernel oil, ectoin, methyl cyclodextrin, polygonum aviculare extract, 7 - dehydrocholesterol, decyl glucoside, citric acid, disodium edta, propylene glycol, xanthan gum, diethylhexyl syringylidene malonate, peg-8, tocopherol, ascorbyl palmitate, ascorbic acid, bht, parfum,fragrance, phenoxyethanol, ethylhexylglycerin, sodium benzoate, potassium sorbate"
Nacomi Next Level,"krem do twarzy SPF50 city formula, 50 ml",675,23.99,39.99,/nacomi-krem-do-twarzy-spf50-city-formula-50-ml-000000000000385249.html,ochrona UV,"Aqua, Bis-Ethylhexyloxyphenol Methoxyphenyl Triazine, Glycerin, Cetearyl Alcohol, Cetyl Alcohol, Coco-Caprylate/Caprate, Glyceryl Stearate, Hydrogenated Farnesene, Hydrogenated Dimer Dilinoleyl / Dimethylcarbonate Copolymer, Olea Europaea Fruit Oil, Propylheptyl Caprylate, Acrylates/C12-22 Alkyl Methacrylate Copolymer, Stearic Acid, Titanium Dioxide, Passiflora Incarnata Seed Oil, Prunus Persica Flower Extract, Sodium Hyaluronate, Hyaluronic Acid, Hydrolyzed Hyaluronic Acid, Sodium Hyaluronate Crosspolymer, Hydrolyzed Glycosaminoglycans, Camellia Sinensis Leaf Extract, Vaccinium Vitis-Idaea Fruit Extract, Glycine Soja Oil, Tocopherol, Sodium Lauroyl Glutamate, Gluconolactone, Calcium Gluconate, Arginine, Coco-Glucoside, Disodium Lauryl Sulfosuccinate, Raspberry Ketone, Dehydroacetic Acid, Alumina, Parfum, Citric Acid, Benzyl Alcohol, Propanediol, Xanthan Gum, Sodium Benzoate, Benzyl Glycol, Ethylhexylglycerin.
Nowy: Aqua, Glycerin, Diethylamino Hydroxybenzoyl Hexyl Benzoate, Bis-Ethylhexyloxyphenol Methoxyphenyl Triazine, Ethylhexyl Triazone, Cetyl Alcohol, Cetearyl Alcohol, Glyceryl Stearate, Methylene Bis-Benzotriazolyl Tetramethylbutylphenol, Coco-Caprylate/Caprate, Isopropyl Myristate, Propylheptyl Caprylate, Hydrogenated Farnesene, Olea Europaea Fruit Oil, Stearic Acid, Sodium Lauroyl Glutamate, Passiflora Incarnata Seed Oil, Prunus Persica Flower Extract, Camellia, Sinensis Leaf Extract, Vaccinium Vitis-Idaea Fruit Extract, Linum Usitatissimum Seed Extract, Althaea Officinalis Root Extract, Prunus Amygdalus Dulcis Fruit Extract, Hydrolyzed Glycosaminoglycans, Sodium Hyaluronate, Hyaluronic Acid, Hydrolyzed Hyaluronic Acid, Sodium Hyaluronate Crosspolymer, Tocopherol, Glycine Soja Oil, Potato Starch Modified, Decyl Glucoside, Zea Mays Starch, Propanediol, Gluconolactone, Tocopheryl Acetate, Calcium Gluconate, Dehydroacetic Acid, Xanthan Gum, Propylene Glycol, Citric Acid, Parfum, Raspberry Ketone, Potassium Sorbate, Sodium Benzoate, Benzyl Glycol, Phenoxyethanol, Ethylhexylglycerin, Benzyl Alcohol, Citral, Linalool.",3.2,50.0,79.98,47.98,Nacomi,40.01000250062516,"water, bis - ethylhexyloxyphenol methoxyphenyl triazine, glycerin, cetearyl alcohol, cetyl alcohol, coco - caprylate,caprate, glyceryl stearate, hydrogenate farnesene, hydrogenated dimer dilinoleyl,dimethylcarbonate copolymer, olea europaea fruit oil, propylheptyl caprylate, acrylates,c12 - 22 alkyl methacrylate copolymer, stearic acid, titanium dioxide, passiflora incarnata seed oil, prunus persica flower extract, sodium hyaluronate, hyaluronic acid, hydrolyzed hyaluronic acid, sodium hyaluronate crosspolymer, hydrolyzed glycosaminoglycans, camellia sinensis leaf extract, vaccinium vitis - idaea fruit extract, glycine soja oil, tocopherol, sodium lauroyl glutamate, gluconolactone, calcium gluconate, arginine, coco - glucoside, disodium lauryl sulfosuccinate, raspberry ketone, dehydroacetic acid, alumina, parfum, citric acid, benzyl alcohol, propanediol, xanthan gum, sodium benzoate, benzyl glycol, ethylhexylglycerin. 
 nowy: water, glycerin, diethylamino hydroxybenzoyl hexyl benzoate, bis - ethylhexyloxyphenol methoxyphenyl triazine, ethylhexyl triazone, cetyl alcohol, cetearyl alcohol, glyceryl stearate, methylene bis - benzotriazolyl tetramethylbutylphenol, coco - caprylate,caprate, isopropyl myristate, propylheptyl caprylate, hydrogenate farnesene, olea europaea fruit oil, stearic acid, sodium lauroyl glutamate, passiflora incarnata seed oil, prunus persica flower extract, camellia, sinensis leaf extract, vaccinium vitis - idaea fruit extract, linum usitatissimum seed extract, althaea officinalis root extract, prunus amygdalus dulcis fruit extract, hydrolyzed glycosaminoglycans, sodium hyaluronate, hyaluronic acid, hydrolyzed hyaluronic acid, sodium hyaluronate crosspolymer, tocopherol, glycine soja oil, potato starch modified, decyl glucoside, zea mays starch, propanediol, gluconolactone, tocopheryl acetate, calcium gluconate, dehydroacetic acid, xanthan gum, propylene glycol, citric acid, parfum, raspberry ketone, potassium sorbate, sodium benzoate, benzyl glycol, phenoxyethanol, ethylhexylglycerin, benzyl alcohol, citral, linalool."
Australian Gold,"krem BB do twarzy light z SPF50, 89 ml",5,148.99,148.99,/australian-gold-krem-bb-do-twarzy-light-z-spf50-89-ml-000000000000414211.html,ochrona UV,"Cyclopentasiloxane, Water/Aqua/Eau, Glycerin, Titanium Dioxide (CI 77891), Zinc Oxide (CI 77947), Silica, Cetyl PEG/PPG-10/1 Dimethicone, Disteardimonium Hectorite, Polymethylsilsesquioxane, PEG-10 Dimethicone, Hexyl Laurate, Polyglyceryl-4 Isostearate, Eucalyptus Globulus (Eucalyptus) Leaf Extract, Porphyra Umbilicalis Extract, Dimethicone Crosspolymer, Stearic Acid, Caprylyl Glycol, Tocopheryl Acetate*, Butyrospermum Parkii (Shea) Butter, Panthenol, Squalane, Disodium EDTA, Triethoxycaprylylsilane, Alumina, Phenoxyethanol, Sodium Benzoate, Potassium Sorbate, Iron Oxides (CI 77492, CI 77491, CI 77499)
Australian Gold zawsze dba o dostęp do pełnych informacji o produkcie. Zapoznaj się z listą składników widniejącą na opakowaniu, aby uzyskać aktualne dane. Skład produktu może ulec zmianie w przyszłości.",4.8,89.0,167.4,167.4,Australian Gold,0.0,"cyclopentasiloxane, water,water,eau, glycerin, titanium dioxide (ci77891), zinc oxide (ci77947), silica, cetyl peg,ppg-10/1 dimethicone, disteardimonium hectorite, polymethylsilsesquioxane, peg-10 dimethicone, hexyl laurate, polyglyceryl-4 isostearate, eucalyptus globulus (eucalyptus) leaf extract, porphyra umbilicalis extract, dimethicone crosspolymer, stearic acid, caprylyl glycol, tocopheryl acetate *, butyrospermum parkii (shea) butter, panthenol, squalane, disodium edta, triethoxycaprylylsilane, alumina, phenoxyethanol, sodium benzoate, potassium sorbate, iron oxides ( ci 77492, ci 77491, ci 77499 ) 
 australian gold zawsze dba o dostęp do pełnych informacji o produkcie. zapoznaj się z listą składników widniejącą na opakowaniu, aby uzyskać aktualne dane. skład produktu może ulec zmianie w przyszłości."
Orientana Morwa i Lukrecja,"krem do twarzy z morwy i lukrecji na dzień i noc, 50 g",37,31.99,45.99,/orientana-krem-do-twarzy-z-morwy-i-lukrecji-na-dzien-i-noc-50-g-000000000000299727.html,"Antybakteryjne,
Łagodzące,
Nawilżające,
Regenerujące,
Wzmacniające naczynka","INCI: Aqua, Helianthus Annuus Seed Oil, Caprylic/Capric Triglyceride, Glyceryl Stearate Se, Glycerin, Butyrospermum Parki Butter, Glycyrrhiza Glabra Root Extract, Stearic Acid, Isopropyl Myristate, Glyceryl Caprylate, Cetyl Alcohol, Citrus Grandis Seed Oil, Prunus Amygdalus Dulcis Oil, Sesamum Indicum Seed Oil, Morus Alba Leaf Extract, Triticum Vulgare Germ Oil, Kojic Ada, Rosa Damascena Flower Oil, Aloe Barbadensis Leaf Juice, Undecylenoyl Phenylalanine, Persea Gratissima Oil, Lactobacillus Ferment, Daucus Carota Seed Oil, Tocopherol, Prunus Armeniaca Kemel Oil, Rosa Canina Fruit Oil, Crocus Sativus Flower Extract, Cananga Odorata Flower Oil, Citric Add, Sodium Benzoate, Potassium Sorbate.",3.7,50.0,91.98,63.98,Orientana,30.441400304414007,"inci: water, helianthus annuus seed oil, caprylic,capric triglyceride, glyceryl stearate se, glycerin, butyrospermum parki butter, glycyrrhiza glabra root extract, stearic acid, isopropyl myristate, glyceryl caprylate, cetyl alcohol, citrus grandis seed oil, prunus amygdalus dulcis oil, sesamum indicum seed oil, morus alba leaf extract, triticum vulgare germ oil, kojic ada, rosa damascena flower oil, aloe barbadensis leaf juice, undecylenoyl phenylalanine, persea gratissima oil, lactobacillus ferment, daucus carota seed oil, tocopherol, prunus armeniaca kemel oil, rosa canina fruit oil, crocus sativus flower extract, cananga odorata flower oil, citric add, sodium benzoate, potassium sorbate."
Tołpa Dermo Face Sebio+,"korygujący niedoskonałości CICA-KREM, 40 ml",94,27.99,39.99,/tolpa-korygujacy-niedoskonalosci-cica-krem-40-ml-000000000000362536.html,"Matujące,
Ochronne","Aqua, C12-15 Alkyl Benzoate, Propylene Glycol, Isostearyl Lactate, Aluminum Starch Octenylsuccinate, Polyquaternium-37, Dicaprylyl Carbonate, Alcohol Denat., Peat Extract, Parfum, Salicylic Acid, Zinc PCA, Potassium Phosphate, Cinnamomum Zeylanicum Bark Extract, Capryloyl Glycine, Sodium Hydroxide, Hydroxyethylcellulose, Disodium EDTA, Sarcosine, Hexylene Glycol, Commiphora Myrrha Resin Extract, Citric Acid, Lauryl Glucoside, Glycerin, Caprylhydroxamic Acid, Caprylyl Glycol, Methylpropanediol, Benzoic Acid.",4.200000000000001,40.0,99.98,69.97,Tołpa,30.007501875468872,"water, c12 - 15 alkyl benzoate, propylene glycol, isostearyl lactate, aluminum starch octenylsuccinate, polyquaternium-37, dicaprylyl carbonate, alcohol denat., peat extract, parfum, salicylic acid, zinc pca, potassium phosphate, cinnamomum zeylanicum bark extract, capryloyl glycine, sodium hydroxide, hydroxyethylcellulose, disodium edta, sarcosine, hexylene glycol, commiphora myrrha resin extract, citric acid, lauryl glucoside, glycerin, caprylhydroxamic acid, caprylyl glycol, methylpropanediol, benzoic acid."
Duetus,"krem na noc do twarzy, 50 ml",22,29.59,36.99,/duetus-krem-na-noc-do-twarzy-50-ml-000000000000362690.html,Regenerujące,"Aqua,Cannabis Sativa (Hemp) Seed Oil,Vitis Vinifera Seed Oil,Nigella Sativa (Black Seed) Seed Oil,Sorbitan Stearate,Sucrose Cocoate,Glyceryl Stearate,Stearic Acid,Calendula Officinalis Flower Extract,Cetearyl Alcohol,Sulfur,Niacinamide,Agar,Acacia Senegal Gum,Tocopheryl Acetate,Xanthan Gum,Citrus Grandis Oil,Thymus Vulgaris (Thyme) Oil,Benzyl Alcohol,Dehydroacetic Acid,Citral,Limonene,Linalool",4.7,50.0,73.98,59.18,Duetus,20.00540686672074,"water, cannabis sativa (hemp) seed oil, vitis vinifera seed oil, nigella sativa (blackseed) seed oil, sorbitan stearate, sucrose cocoate, glyceryl stearate, stearic acid, calendula officinalis flower extract, cetearyl alcohol, sulfur, niacinamide, agar, acacia senegal gum, tocopheryl acetate, xanthan gum, citrus grandis oil, thymus vulgaris (thyme) oil, benzyl alcohol, dehydroacetic acid, citral, limonene, linalool"
Bielenda Diamentowe Lipidy,"przeciwzmarszczkowy krem do twarzy 50+, 50 ml",8,20.99,28.99,/bielenda-przeciwzmarszczkowy-krem-do-twarzy-50-50-ml-000000000000422520.html,przeciwzmarszczkowy,"Aqua (Water),Prunus Amygdalus Dulcis (Sweet Almond) Oil,Glycerin,Polyglyceryl-6 Stearate,Olea Europaea (Olive) Husk Oil,Cetearyl Alcohol,Glyceryl Stearate,Squalane,Orbignya Oleifera (Babassu) Seed Oil,Butyrospermum Parkii (Shea) Butter,Vitis Vinifera (Grape) Seed Oil,Betaine,Palmitoyl Tripeptide-5,Acetyl Hexapeptide-8,Olea Europaea (Olive) Fruit Oil,Salvia Hispanica Seed Oil,Linoleic Acid,Linolenic Acid,Tocopherol,Beta-Sitosterol,Squalene,Ascorbyl Palmitate,Glycine Soja (Soybean) Oil,Diamond Powder,Polyglyceryl-6 Behenate,Xanthan Gum,Caprylyl Glycol,Isododecane,Hydrogenated Tetradecenyl/Methylpentadecene,Ammonium Acryloyldimethyltaurate/VP Copolymer,Dimethicone,Disodium EDTA,Ethylhexylglycerin,Phenoxyethanol,Benzyl Alcohol,Parfum (Fragrance),Citronellol,Linalool,Benzyl Salicylate",4.7,50.0,57.98,41.98,Bielenda,27.59572266298724,"water (water),prunus amygdalus dulcis (sweetalmond) oil, glycerin, polyglyceryl-6 stearate, olea europaea (olive) husk oil, cetearyl alcohol, glyceryl stearate, squalane, orbignya oleifera (babassu) seed oil, butyrospermum parkii (shea) butter, vitis vinifera (grape) seed oil, betaine, palmitoyl tripeptide-5,acetyl hexapeptide-8,olea europaea (olive) fruit oil, salvia hispanica seed oil, linoleic acid, linolenic acid, tocopherol, beta - sitosterol, squalene, ascorbyl palmitate, glycine soja (soybean) oil, diamond powder, polyglyceryl-6 behenate, xanthan gum, caprylyl glycol, isododecane, hydrogenated tetradecenyl,methylpentadecene, ammonium acryloyldimethyltaurate,vp copolymer, dimethicone, disodium edta, ethylhexylglycerin, phenoxyethanol, benzyl alcohol, parfum (fragrance),citronellol, linalool, benzyl salicylate"
Avène Sunsimed,"ochronny krem do twarzy z SPF50, 80 ml",8,129.99,129.99,/avene-ochronny-krem-do-twarzy-z-spf50-80-ml-000000000000406815.html,ochrona UV,"AVENE THERMAL SPRING WATER (AVENE AQUA), METHYLENE BIS-BENZOTRIAZOLYL TETRAMETHYLBUTYLPHENOL (NANO), BIS-ETHYLHEXYLOXYPHENOL, METHOXYPHENYL TRIAZINE, DIETHYLHEXYL BUTAMIDO TRIAZONE, BUTYL METHOXYDIBENZOYLMETHANE, BENZOIC ACID, CAPRYLYL GLYCOL, TOCOPHERYL, GLUCOSIDE, EXCIPIENTS.",4.8,80.0,162.49,162.49,Avène,0.0,"avene thermal spring water (avenewater), methylene bis - benzotriazolyl tetramethylbutylphenol (nano), bis - ethylhexyloxyphenol, methoxyphenyl triazine, diethylhexyl butamido triazone, butyl methoxydibenzoylmethane, benzoic acid, caprylyl glycol, tocopheryl, glucoside, excipient."
Faceboom,"nawilżająco-kojący hydro krem do twarzy, 50 ml",77,19.59,26.99,/faceboom-nawilzajaco-kojacy-hydro-krem-do-twarzy-50-ml-000000000000371928.html,nawilżający,"Aqua (Water),Trehalose,Betaine,Stearyl Alcohol,Bertholletia Excels (Brazil Nut) Seed Oil,Propanediol,Coco-Caprylate/Caprate,Persea Gratissima (Avocado) Oil,Sorbitan Olivate,Glycerin,Potassium Cetyl Phosphate,Rosa Canina (Fruit) Oil,Ananas Sativus (Pineapple) Fruit Juice,Cucumis Meto (Melon) Juice,Musa Sapienturn (Banana) Fruit Extract,Rubus Idaeus (Raspberry) Fruit Extract,Vegetable Oil,Sodium Stearoyl Glutamate,Citric Acid,Sodium Salicylate,Sodium Benzoate,Potassium Sorbate,Parfum (Fragrance),Benzyl Salicylate,Citronellol,Hexyl Cinnamal,Coumarin,Geraniol,Limonene,Linalool",3.9,50.0,53.98,39.18,Faceboom,27.417562060022227,"water (water),trehalose, betaine, stearyl alcohol, bertholletia excels (brazilnut) seed oil, propanediol, coco - caprylate,caprate, persea gratissima (avocado) oil, sorbitan olivate, glycerin, potassium cetyl phosphate, rosa canina (fruit) oil, ananas sativus (pineapple) fruit juice, cucumis meto (melon) juice, musa sapienturn (banana) fruit extract, rubus idaeus (raspberry) fruit extract, vegetable oil, sodium stearoyl glutamate, citric acid, sodium salicylate, sodium benzoate, potassium sorbate, parfum (fragrance),benzyl salicylate, citronellol, hexyl cinnamal, coumarin, geraniol, limonene, linalool"
Vichy Neovadiol Po Menopauzie,"odżywczy krem na dzień przeciw wiotczeniu skóry, 50 ml",59,119.99,169.99,/vichy-odzywczy-krem-na-dzien-przeciw-wiotczeniu-skory-50-ml-000000000000403991.html,odżywczy,"Aqua / Water / Eau, Glycerin, Dimethicone, Butyrospermum Parkii Butter / Shea Butter, Oryza Sativa Bran Oil / Rice Bran Oil, Niacinamide, Cetearyl Alcohol, Cetearyl Isononanoate, Carthamus Tinctorius Seed Oil / Safflower Seed Oil, Glyceryl Stearate, Behenyl Alcohol, Zea Mays Starch / Corn Starch, Glyceryl Stearate Citrate, Dimethicone Crosspolymer, Sodium Polyacrylate, Sodium Phytate, Adenosine, Disodium Ethylene Dicocamide Peg,15 Disulfate, Tocopherol, Poloxamer 338, Alcohol, Propylene Glycol, Hydroxyacetophenone, Caprylyl Glycol, Hydroxypropyl Tetrahydropyrantriol, Capryloyl Salicylic Acid, Citric Acid, Cassia Angustifolia Seed Polysaccharide, Pentaerythrityl Tetra,di,t,butyl Hydroxyhydrocinnamate, Parfum",5.0,50.0,339.98,239.98,Vichy,29.41349491146539,"water,water,eau, glycerin, dimethicone, butyrospermum parkii butter,shea butter, oryza sativa bran oil,rice bran oil, niacinamide, cetearyl alcohol, cetearyl isononanoate, carthamus tinctorius seed oil,safflower seed oil, glyceryl stearate, behenyl alcohol, zea mays starch,corn starch, glyceryl stearate citrate, dimethicone crosspolymer, sodium polyacrylate, sodium phytate, adenosine, disodium ethylene dicocamide peg,15 disulfate, tocopherol, poloxamer 338, alcohol, propylene glycol, hydroxyacetophenone, caprylyl glycol, hydroxypropyl tetrahydropyrantriol, capryloyl salicylic acid, citric acid, cassia angustifolia seed polysaccharide, pentaerythrityl tetra, di, t, butyl hydroxyhydrocinnamate, parfum"
Eveline Cosmetics Magic Skin CC,"nawilżający krem CC na zaczerwienienia, 50 ml",241,27.99,27.99,/eveline-krem-do-twarzy-cc-50ml-000000000000312687.html,nawilżający,"Aqua (Water),Isododecane,Cyclopentasiloxane,Glycerin,Bis-PEG/PPG-14/14 Dimethicone,Cyclohexasiloxane,Isodecyl Neopentanoate,Propylene Glycol,Polyglyceryl-2 Dipolyhydroxystearate,Sodium Chloride,Hydrogenated Castor Oil,Phenoxyethanol,Dimethicone,Cetyl PEG/PPG-10/1 Dimethicone,Hexyl Laurate,Hydrogenated Vegetable Oil,Ozokerite,Polyglyceryl-4 Isostearate,Magnesium Sulfate,Disteardimonium Hectorite,DMDM Hydantoin,Mica,Parfum,Cera Alba,Methylparaben,Propylene Carbonate,Hydrogenated Palm Acid,Stearyl Stearate,Butylene Glycol,Moringa Oleifera Seed Extract,Porphyridium Cruentum Cilture Conditioned Media,Ethylparaben,Butylparaben,Polyester-1,Trimethoxycaprylylsilane,Silica Dimethyl Silylate,Aesculus Hippocastanum Seed Extract,Arnica Montana Flower Extract,Polysorbate 20,Propylparaben,Sodium Hyaluronate,PEG-20 Glyceryl Laurate,Citric Acid,Triethoxycaprylylsilane,Carbomer,Linoleic Acid,Sodium Benzoate,Tocopherol,Potassium Sorbate,Triisopropanolamine,Retinyl Palmitate,Pentaerythrityl Tetra-di-t-butyl Hydroxycinnamate,Caprylic/Capric Triglyceride,Diethylhexyl Syringylidenemalonate,Palmitoyl Tetrapeptide-7,Palmitoyl Tripeptide-1,Limonene,Titanium Dioxide (CI 77891),CI 77288,CI 77480,CI 77491,CI 77492,CI 77499.",4.200000000000001,50.0,55.98,55.98,Eveline Cosmetics,0.0,"water (water),isododecane, cyclopentasiloxane, glycerin, bis - peg,ppg-14/14 dimethicone, cyclohexasiloxane, isodecyl neopentanoate, propylene glycol, polyglyceryl-2 dipolyhydroxystearate, sodium chloride, hydrogenated castor oil, phenoxyethanol, dimethicone, cetyl peg,ppg-10/1 dimethicone, hexyl laurate, hydrogenated vegetable oil, ozokerite, polyglyceryl-4 isostearate, magnesium sulfate, disteardimonium hectorite, dmdm hydantoin, mica, parfum, cera alba, methylparaben, propylene carbonate, hydrogenated palm acid, stearyl stearate, butylene glycol, moringa oleifera seed extract, porphyridium cruentum cilture condition media, ethylparaben, butylparaben, polyester-1,trimethoxycaprylylsilane, silica dimethyl silylate, aesculus hippocastanum seed extract, arnica montana flower extract, polysorbate 20,propylparaben, sodium hyaluronate, peg-20 glyceryl laurate, citric acid, triethoxycaprylylsilane, carbomer, linoleic acid, sodium benzoate, tocopherol, potassium sorbate, triisopropanolamine, retinyl palmitate, pentaerythrityl tetra - di - t - butyl hydroxycinnamate, caprylic,capric triglyceride, diethylhexyl syringylidenemalonate, palmitoyl tetrapeptide-7,palmitoyl tripeptide-1,limonene, titanium dioxide (ci77891),ci 77288,ci 77480,ci 77491,ci 77492,ci 77499."
Mafka,"krem funkcyjny do twarzy i ciała, 50 ml",32,34.99,49.99,/mafka-krem-funkcyjny-do-twarzy-i-ciala-50-ml-000000000000384968.html,Regenerujące,"Aqua (woda), Aloe Vera Barbadensis Leaf Juice (sok z aloesu), Chamomilla Recutita Flower Water (hydrolat z rumianku), Prunus Amygdalus Dulcis (Sweet Almond) Oil (olej ze słodkich migdałów), Cocos Nucifera (Coconut) Oil (olej kokosowy), Cetyl Alcohol (alkohol cetylowy), Methyl Glucose Sesquistearate (seskwistearynian metyloglukozy), Tocopheryl Acetate (witamina e), Solanum Lycopersicum Seed Oil (olej z nasion pomidora), Dehydroacetic Acid, Benzyl Alcohol (DHA BA - konserwant dopuszczony przez Ecocert), Pelargonium Graveolens Flower Oil (olejek eteryczny geraniowy), Lavandula Angustifolia Flower Oil (olejek eteryczny lawendowy), Sodium benzoate, Potassium sorbate (konserwanty dopuszczone przez Ecocert), Geraniol*, Linalool*, Limonene*, Citronellol*",4.4,50.0,99.98,69.98,Mafka,30.006001200240046,"water (woda), aloe vera barbadensis leaf juice (sokzaloesu), chamomilla recutita flower water (hydrolatzrumianku), prunus amygdalus dulcis (sweetalmond) oil (olejzesłodkichmigdałów), cocos nucifera (coconut) oil (olejkokosowy), cetyl alcohol (alkoholcetylowy), methyl glucose sesquistearate (seskwistearynianmetyloglukozy), tocopheryl acetate (witaminae), solanum lycopersicum seed oil (olejznasionpomidora), dehydroacetic acid, benzyl alcohol (dhaba-konserwantdopuszczonyprzezecocert), pelargonium graveolens flower oil (olejeketerycznygeraniowy), lavandula angustifolia flower oil (olejeketerycznylawendowy), sodium benzoate, potassium sorbate (konserwantydopuszczoneprzezecocert), geraniol *, linalool *, limonene *, citronellol *"
Bandi Fito Lift Care,"odmładzający krem nawilżający do twarzy, 50 ml",7,74.99,74.99,/bandi-krem-nawilzajacy-50ml-000000000000307083.html,odmładzający,"Aqua/Water, Propylene Glycol, Caprylic/Capric Triglyceride, Cetearyl Alcohol, Ethylhexyl Stearate, Glyceryl Stearate, Oleyl Alcohol, Arachidyl Alcohol, Dimethicone, Butyrospermum Parkii (Shea) Butter, Petrolatum, Ethylhexyl Methoxycinnamate, Dioscorea Villosa (Wild Yam) Root Extract, Hydrolyzed Glycosaminoglycans, Glycine Soja (Soybean) Sterols, Pistacia Lentiscus (Mastic) Gum, Panthenol, Glycerin, Behenyl Alcohol, Tocopheryl Acetate, Arachidyl Glucoside, Urea, Disodium Phosphate, Biotin, Hexyldecanol, Carbomer, Triethanolamine, PEG-8, Tocopherol, Ascorbyl Palmitate, Ascorbic Acid, Disodium EDTA, Citric Acid, BHT, Parfum/Fragrance, Caprylhydroxamic Acid, Phenoxyethanol, Methylpropanediol, Citral, Linalool, Limonene, Citronellol",4.4,50.0,149.98,149.98,Bandi,0.0,"water,water, propylene glycol, caprylic,capric triglyceride, cetearyl alcohol, ethylhexyl stearate, glyceryl stearate, oleyl alcohol, arachidyl alcohol, dimethicone, butyrospermum parkii (shea) butter, petrolatum, ethylhexyl methoxycinnamate, dioscorea villosa (wildyam) root extract, hydrolyzed glycosaminoglycans, glycine soja (soybean) sterol, pistacia lentiscus (mastic) gum, panthenol, glycerin, behenyl alcohol, tocopheryl acetate, arachidyl glucoside, urea, disodium phosphate, biotin, hexyldecanol, carbomer, triethanolamine, peg-8, tocopherol, ascorbyl palmitate, ascorbic acid, disodium edta, citric acid, bht, parfum,fragrance, caprylhydroxamic acid, phenoxyethanol, methylpropanediol, citral, linalool, limonene, citronellol"
Herla Hydra Plants,"krem do twarzy na dzień, 50 ml",8,139.99,139.99,/herla-krem-do-twarzy-na-dzien-50-ml-000000000000378093.html,"Nawilżające,
Przeciwstarzeniowe","Aqua, Glycerin, Ethylhexyl Methoxycinnamate, Dicaprylyl Carbonate, Isoamyl Laurate, Glyceryl Stearate, Butyl Methoxydibenzoylmethane, Cetearyl Alcohol, Sodium Stearoyl Glutamate, Octocrylene, Xylitylglucoside, Butyrospermum Parkii Butter, Adansonia Digitata Seed Oil, Simmondsia Chinensis Seed Oil, Trehalose, Sodium Polyacrylate, Parfum, Anhydroxylitol, Xylitol, Glucose, Isoamyl Cocoate, Vitis Vinifera Seed Oil, Helianthus Annuus Seed Oil, Sodium Hyaluronate, Rubus Idaeus Fruit Extract, Fragaria Ananassa Fruit Extract, Actinidia Chinensis Fruit Extract, Pyrus Malus Fruit Extract, Prunus Persica Fruit Extract, Carica Papaya Fruit Extract, Cucumis Sativus Fruit Extract, Allantoin, Tocopherol, Beta-Sitosterol, Squalene, Glycine Soja Oil, Xanthan Gum, Hydroxyacetophenone, 1,2-Hexanediol, Caprylyl Glycol, Sodium Benzoate, Potassium Sorbate, BHT, Disodium EDTA.",4.6,50.0,279.98,279.98,Herla,0.0,"water, glycerin, ethylhexyl methoxycinnamate, dicaprylyl carbonate, isoamyl laurate, glyceryl stearate, butyl methoxydibenzoylmethane, cetearyl alcohol, sodium stearoyl glutamate, octocrylene, xylitylglucoside, butyrospermum parkii butter, adansonia digitata seed oil, simmondsia chinensis seed oil, trehalose, sodium polyacrylate, parfum, anhydroxylitol, xylitol, glucose, isoamyl cocoate, vitis vinifera seed oil, helianthus annuus seed oil, sodium hyaluronate, rubus idaeus fruit extract, fragaria ananassa fruit extract, actinidia chinensis fruit extract, pyrus malus fruit extract, prunus persica fruit extract, carica papaya fruit extract, cucumis sativus fruit extract, allantoin, tocopherol, beta - sitosterol, squalene, glycine soja oil, xanthan gum, hydroxyacetophenone, 1,2 - hexanediol, caprylyl glycol, sodium benzoate, potassium sorbate, bht, disodium edta."
Nivea 24h Nawilżenia,"matujący krem do twarzy na dzień, 50 ml",12,25.59,25.99,/nivea-matujacy-krem-do-twarzy-na-dzien-50-ml-000000000000367294.html,Nawilżające,"Aqua, Glycerin, Alcohol Denat., Cetearyl Alcohol, Caprylic/Capric Triglyceride, Distarch Phosphate, Glyceryl Stearate SE, Tapioca Starch, Aloe Barbadensis Leaf Juice Powder, Calcium Pantothenate, Magnesium Chloride, Sodium Cetearyl Sulfate, Ethylhexylglycerin, Hydroxypropyl Starch Phosphate, Phenoxyethanol, Parfum",4.7,50.0,51.98,51.18,Nivea,1.5390534821084978,"water, glycerin, alcohol denat., cetearyl alcohol, caprylic,capric triglyceride, distarch phosphate, glyceryl stearate se, tapioca starch, aloe barbadensis leaf juice powder, calcium pantothenate, magnesium chloride, sodium cetearyl sulfate, ethylhexylglycerin, hydroxypropyl starch phosphate, phenoxyethanol, parfum"
Vichy Capital Soleil,"mleczko do opalania SPF50+, 300 ml",5,114.99,114.99,/vichy-mleczko-do-opalania-spf50-300-ml-000000000000232590.html,ochrona UV,884922 7 - INGREDIENTS: AQUA / WATER • ISOPROPYL PALMITATE • GLYCERIN • OCTOCRYLENE • ETHYLHEXYL SALICYLATE • ALCOHOL DENAT. • BUTYL METHOXYDIBENZOYLMETHANE • TITANIUM DIOXIDE [NANO] / TITANIUM DIOXIDE • ETHYLHEXYL TRIAZONE • TALC • STEARIC ACID • POTASSIUM CETYL PHOSPHATE • DIISOPROPYL SEBACATE • SYNTHETIC WAX • ACRYLATES/C10-30 ALKYL ACRYLATE CROSSPOLYMER • ALUMINUM HYDROXIDE • CAPRYLYL GLYCOL • DISODIUM EDTA • GLYCERYL STEARATE • MYRISTIC ACID • PALMITIC ACID • PEG-100 STEARATE • PHENOXYETHANOL • TEREPHTHALYLIDENE DICAMPHOR SULFONIC ACID • TOCOPHEROL • TRIETHANOLAMINE • XANTHAN GUM (F.I.L. C216791/1).,5.0,300.0,38.33,38.33,Vichy,0.0,"884922 7 - ingredient: water,water,isopropyl palmitate,glycerin,octocrylene,ethylhexyl salicylate,alcohol denat.,butyl methoxydibenzoylmethane,titanium dioxide, nano ],titanium dioxide,ethylhexyl triazone,talc,stearic acid,potassium cetyl phosphate,diisopropyl sebacate,synthetic wax,acrylate,c10 - 30 alkyl acrylate crosspolymer,aluminum hydroxide,caprylyl glycol,disodium edta,glyceryl stearate,myristic acid,palmitic acid,peg-100 stearate,phenoxyethanol,terephthalylidene dicamphor sulfonic acid,tocopherol,triethanolamine,xanthan gum (f.i.l.c216791/1)."
The Saem Jeju Fresh Aloe,"krem do twarzy z filtrem SPF50+, 50 g",35,69.99,69.99,/the-saem-krem-do-twarzy-z-filtrem-spf50-50-g-000000000000423703.html,ochrona UV,"Water, Dibutyl Adipate, Propanediol, Alcohol Denat., Ethyl hexyl Triazone, Terephthalylidene Dicamphor Sulfonic Acid, Glycerin, Niacinamide, Polyglyceryl-3 Distea rate, Tromethamine, 1,2-Hexanediol, Pentylene Glycol, Diethylamino Hydro xybenzoyl Hexyl Benzoate, Cetearyl Alcohol, Caprylyl Methicone, Poly silicone-15, Aloe Barbadensis Leaf Extract, Melissa O¬cinalis Leaf Extract, Rosmarinus O¬cinalis (Rosemary) Leaf Extract, Ocimum Basilicum (Basil) Leaf Extract, Taraxacum O-cinale (Dandelion) Leaf Extract, Anthemis Nobilis Flower Extract, Calendula O¬cinalis Flower Extract, Nelumbo Nucifera Flower Water, Caprylic/Capric /Succinic Triglyceride, Palmitic Acid, Glyceryl Stearate, Bis-Ethylhexyloxy phenol Methoxyphenyl Triazine, Potassium Cetyl Phosphate, Poly methylsilsesquioxane, Stearic Acid, Methylpropanediol, Ammonium Acryloyldimethyltaurate/VP Copoly mer, Silica, Ethylhexylglycerin, Poly acrylate Crosspolymer-6, Glyceryl Stearate Citrate, Adenosine, Butylene Glycol, Disodium EDTA, Sodium Poly acrylate, Polyether-1, Myristic Acid, t-Butyl Alcohol, Biosaccharide Gum-1, Tocopherol, Fragrance",4.9,50.0,139.98,139.98,The Saem,0.0,"water, dibutyl adipate, propanediol, alcohol denat., ethyl hexyl triazone, terephthalylidene dicamphor sulfonic acid, glycerin, niacinamide, polyglyceryl-3 distea rate, tromethamine, 1,2 - hexanediol, pentylene glycol, diethylamino hydro xybenzoyl hexyl benzoate, cetearyl alcohol, caprylyl methicone, poly silicone-15, aloe barbadensis leaf extract, melissa o¬cinalis leaf extract, rosmarinus o¬cinalis (rosemary) leaf extract, ocimum basilicum (basil) leaf extract, taraxacum o - cinale (dandelion) leaf extract, anthemis nobilis flower extract, calendula o¬cinalis flower extract, nelumbo nucifera flower water, caprylic,capric /succinic triglyceride, palmitic acid, glyceryl stearate, bis - ethylhexyloxy phenol methoxyphenyl triazine, potassium cetyl phosphate, poly methylsilsesquioxane, stearic acid, methylpropanediol, ammonium acryloyldimethyltaurate,vp copoly mer, silica, ethylhexylglycerin, poly acrylate crosspolymer-6, glyceryl stearate citrate, adenosine, butylene glycol, disodium edta, sodium poly acrylate, polyether-1, myristic acid, t - butyl alcohol, biosaccharide gum-1, tocopherol, fragrance"
Nivea Soft,"intensywnie nawilżający krem do twarzy i ciała, 200 ml",7,14.39,15.99,/nivea-intensywnie-nawilzajacy-krem-do-twarzy-i-ciala-200-ml-000000000000218807.html,nawilżający,"Aqua, Glycerin, Paraffinum Liquidum, Myristyl Alcohol, Butylene Glycol, Alcohol Denat., Myristyl Myristate, Palmitic Acid, Glyceryl Stearate, Stearic Acid, Cera Microcristallina, Hydrogenated Coco-Glycerides, Simmondsia Chinensis Seed Oil, Tocopheryl Acetate, Lanolin Alcohol (Eucerit®), Myristic Acid, Arachidic Acid, Oleic Acid, Polyglyceryl-2 Caprate, Dimethicone, Carbomer, Sodium Hydroxide, Phenoxyethanol, Linalool, Citronellol, Alpha-Isomethyl Ionone, Benzyl Alcohol, Limonene, Benzyl Salicylate, Parfum",5.0,200.0,8.0,7.2,Nivea,10.00625390869293,"water, glycerin, paraffinum liquidum, myristyl alcohol, butylene glycol, alcohol denat., myristyl myristate, palmitic acid, glyceryl stearate, stearic acid, cera microcristallina, hydrogenate coco - glyceride, simmondsia chinensis seed oil, tocopheryl acetate, lanolin alcohol (eucerit®), myristic acid, arachidic acid, oleic acid, polyglyceryl-2 caprate, dimethicone, carbomer, sodium hydroxide, phenoxyethanol, linalool, citronellol, alpha - isomethyl ionone, benzyl alcohol, limonene, benzyl salicylate, parfum"
Cetaphil MD Dermoprotektor,"balsam nawilżający do twarzy i ciała, 236 ml",42,58.99,58.99,/cetaphil-balsam-do-twarzy-236ml-000000000000357847.html,nawilżający,"Aqua, Glycerin, Isopropyl Palmitate, Cetearyl Alcohol, Ceteareth-20, Panthenol, Niacinamide, Tocopheryl Acetate, Dimethicone, Persea Gratissima Oil, Helianthus Annuus Seed Oil, Pantolactone, Glyceryl Stearate, Sodium Benzoate, Benzyl Alcohol, Citric Acid. FIL.1745.V00",4.5,236.0,25.0,25.0,Cetaphil,0.0,"water, glycerin, isopropyl palmitate, cetearyl alcohol, ceteareth-20, panthenol, niacinamide, tocopheryl acetate, dimethicone, persea gratissima oil, helianthus annuus seed oil, pantolactone, glyceryl stearate, sodium benzoate, benzyl alcohol, citric acid. fil.1745.v00"
Vichy Neovadiol Przed Menopauzą Na Noc,"ujędrniający krem na noc przywracający gęstość skórze, 50 ml",9,169.99,169.99,/vichy-ujedrniajacy-krem-na-noc-przywracajacy-gestosc-skorze-50-ml-000000000000404007.html,ujędrniający,Aqua /water / Eau - Alcohol Denat - Glycerin - Prunus Armeniaca Kernel Oil / Apricot Kernel Oil - Niacinamide - Dimethicone - Hydroxypropyl Tetrahydropyrantriol - Propanediol - Propylene Glycol - Isononyl Isononanoate - Zea Mays Starch / Corn Starch - Silica Silylate - Poloxamer 338 - Hydroxyethylpiperazine Ethane Sulfonic Acid - Octyldodecanol - Dimethiconol - Caffeine - Sodium Acrylates Crosspolymer-2 - Sodium Hyaluronate - Silica - Perlite - Adenosine - Ammonium Polyacryloyldimethyl Taurate - Ammonium Acryloyldimethyltaurate/steareth-25 Methacrylate Crosspolymer - Caprylyl Glycol - Capryloyl Salicylic Acid - Laureth-7 - Citric Acid - Cassia Angustifolia Seed Polysaccharide - Trisodium Ethylenediamine Disuccinate - Menthoxypropanediol - Pentaerythrityl Tetra-di-t-butyl Hydroxyhydrocinnamate - Polyacrylamide - C13-14 Isoparaffin - Parfum / Fragrance,5.0,50.0,339.98,339.98,Vichy,0.0,"water /water,eau - alcohol denat - glycerin - prunus armeniaca kernel oil,apricot kernel oil - niacinamide - dimethicone - hydroxypropyl tetrahydropyrantriol - propanediol - propylene glycol - isononyl isononanoate - zea mays starch,corn starch - silica silylate - poloxamer 338 - hydroxyethylpiperazine ethane sulfonic acid - octyldodecanol - dimethiconol - caffeine - sodium acrylates crosspolymer-2 - sodium hyaluronate - silica - perlite - adenosine - ammonium polyacryloyldimethyl taurate - ammonium acryloyldimethyltaurate,steareth-25 methacrylate crosspolymer - caprylyl glycol - capryloyl salicylic acid - laureth-7 - citric acid - cassia angustifolia seed polysaccharide - trisodium ethylenediamine disuccinate - menthoxypropanediol - pentaerythrityl tetra - di - t - butyl hydroxyhydrocinnamate - polyacrylamide - c13 - 14 isoparaffin - parfum,fragrance"
Basiclab Protecticus,"lekki krem ochronny z SPF50 do twarzy, 50 ml",56,139.99,139.99,/basiclab-lekki-krem-ochronny-z-spf50-do-twarzy-50-ml-000000000000379211.html,ochrona UV,"Aqua, Bis - Ethylhexyloxyphenol Methoxyphenyl Triazine, Diethylamino Hydroxybenzoyl Hexyl Benzoate, Aloe Barbadensis Leaf Juice, Methylene Bis - Benzotriazolyl Tetramethylbutylphenol (nano), C9-12 Alkane, Caprylic/Capric Triglyceride, Cetearyl Alcohol, Glyceryl Stearate Citrate, Niacinamide, Glycerin, Cannabis Sativa Seed Oil, Urea, Vaccinium Vitis - Idaea Fruit Extract, Tocopherol, Ascorbyl Tetraisopalmitate, Gluconolactone, Calcium Gluconate, Decyl Glucoside, Propylene Glycol, Tocopheryl Acetate, Xanthan Gum, Citric Acid, Sodium Benzoate, Potassium Sorbate, Dehydroacetic Acid, Benzyl Alcohol.",2.8,50.0,279.98,279.98,Basiclab,0.0,"water, bis - ethylhexyloxyphenol methoxyphenyl triazine, diethylamino hydroxybenzoyl hexyl benzoate, aloe barbadensis leaf juice, methylene bis - benzotriazolyl tetramethylbutylphenol (nano), c9 - 12 alkane, caprylic,capric triglyceride, cetearyl alcohol, glyceryl stearate citrate, niacinamide, glycerin, cannabis sativa seed oil, urea, vaccinium vitis - idaea fruit extract, tocopherol, ascorbyl tetraisopalmitate, gluconolactone, calcium gluconate, decyl glucoside, propylene glycol, tocopheryl acetate, xanthan gum, citric acid, sodium benzoate, potassium sorbate, dehydroacetic acid, benzyl alcohol."
Soraya Kombucha,"wygładzający krem do twarzy, 75 ml",5,26.99,26.99,/soraya-wygladzajacy-krem-do-twarzy-75-ml-000000000000429694.html,Wygładzające,"Aqua,Dicaprylyl Ether,Ethylhexyl Stearate,Glycerin,Isopropyl Palmitate,Polyglyceryl-3 Distearate,Cetearyl Alcohol,Gossypium Herbaceum Seed Oil,Vaccinium Myrtillus Fruit Extract,Saccharum Officinarum Extract,Carrageenan,Citrus Aurantium Dulcis Fruit Extract,Citrus Limon Fruit Extract,Saccharomyces/Xylinum/Black Tea Ferment,Phytic Acid,Acer Saccharum Extract,Panax Ginseng Root Extract,Tocopherol,Butyrospermum Parkii Butter,Cetyl Alcohol,Glyceryl Stearate Citrate,Xanthan Gum,Sodium Hydroxide,Caprylyl Glycol,Octadecyl Di-T-Butyl-4-Hydroxyhydrocinnamate,Alumina,Phenoxyethanol,Potassium Sorbate,Sodium Benzoate,Parfum,Limonene,Citral,CI 77491",5.0,75.0,35.99,35.99,Soraya,0.0,"water, dicaprylyl ether, ethylhexyl stearate, glycerin, isopropyl palmitate, polyglyceryl-3 distearate, cetearyl alcohol, gossypium herbaceum seed oil, vaccinium myrtillus fruit extract, saccharum officinarum extract, carrageenan, citrus aurantium dulcis fruit extract, citrus limon fruit extract, saccharomyces,xylinum,black tea ferment, phytic acid, acer saccharum extract, panax ginseng root extract, tocopherol, butyrospermum parkii butter, cetyl alcohol, glyceryl stearate citrate, xanthan gum, sodium hydroxide, caprylyl glycol, octadecyl di - t - butyl-4 - hydroxyhydrocinnamate, alumina, phenoxyethanol, potassium sorbate, sodium benzoate, parfum, limonene, citral, ci 77491"
Sylveco,"lekki krem z rokitnikiem do twarzy, 50 ml",7,37.59,46.99,/sylveco-lekki-krem-z-rokitnikiem-do-twarzy-50-ml-000000000000403768.html,Wzmacniające,"Aqua,Vitis Vinifera Seed Oil,Glycine Soja Oil,Sorbitan Stearate,Sucrose Cocoate,Hippophae Rhamnoides Oil,Butyrospermum Parkii Butter,Glyceryl Stearate,Argania Spinosa Kernel Oil,Simmondsia Chinensis Seed Oil,Stearic Acid,Cetearyl Alcohol,Benzyl Alcohol,Betulin,Tocopheryl Acetate,Aloe Barbadensis Leaf Extract,Allantoin,Xanthan Gum,Dehydroacetic Acid,Saponaria Officinalis Root Extract",4.3,50.0,93.98,75.18,Sylveco,20.00425622472866,"water, vitis vinifera seed oil, glycine soja oil, sorbitan stearate, sucrose cocoate, hippophae rhamnoides oil, butyrospermum parkii butter, glyceryl stearate, argania spinosa kernel oil, simmondsia chinensis seed oil, stearic acid, cetearyl alcohol, benzyl alcohol, betulin, tocopheryl acetate, aloe barbadensis leaf extract, allantoin, xanthan gum, dehydroacetic acid, saponaria officinalis root extract"
Bielenda Professional SupremeLab,"przeciwzmarszczkowy krem z kompleksem peptydów, 50 ml",21,74.99,74.99,/bielenda-professional-przeciwzmarszczkowy-krem-z-kompleksem-peptydow-50-ml-000000000000363874.html,przeciwzmarszczkowy,"Aqua (Water),Glycerin,Cetearyl Alcohol,Squalane,Ethylhexyl Stearate,Tripelargonin,Glyceryl Stearate,Propanediol,Stearyl Alcohol,Potassium Cetyl Phosphate,Dimethicone,Isododecane,Hydrogenated Tetradecenyl/Methylpentadecene,Camellia Japonica (Tsubaki) Seed Oil,Tocopheryl Acetate,Trehalose,Palmitoyl Tripeptide-5,Acetyl Hexapeptide-8,Hydrolyzed Rice Protein,Salvia Hispanica Seed Oil,Tocopherol,Beta-Sitosterol,Squalene,Ascorbyl Palmitate,Glycine Soja (Soybean) Oil,Caprylyl Glycol,Pentylene Glycol,Sodium Stearoyl Glutamate,Sodium Polyacrylate,Ammonium Acryloyldimethyltaurate/VP Copolymer,Disodium EDTA,Phenoxyethanol,Ethylhexylglycerin,Benzyl Alcohol,Parfum (Fragrance),Alpha-Isomethyl Ionone,al,Benzyl Salicylate,Hexyl Cinnamal,Citronellol,Limonene,Linalool",4.8,50.0,149.98,149.98,Bielenda,0.0,"water (water),glycerin, cetearyl alcohol, squalane, ethylhexyl stearate, tripelargonin, glyceryl stearate, propanediol, stearyl alcohol, potassium cetyl phosphate, dimethicone, isododecane, hydrogenated tetradecenyl,methylpentadecene, camellia japonica (tsubaki) seed oil, tocopheryl acetate, trehalose, palmitoyl tripeptide-5,acetyl hexapeptide-8,hydrolyze rice protein, salvia hispanica seed oil, tocopherol, beta - sitosterol, squalene, ascorbyl palmitate, glycine soja (soybean) oil, caprylyl glycol, pentylene glycol, sodium stearoyl glutamate, sodium polyacrylate, ammonium acryloyldimethyltaurate,vp copolymer, disodium edta, phenoxyethanol, ethylhexylglycerin, benzyl alcohol, parfum (fragrance),alpha - isomethyl ionone, al, benzyl salicylate, hexyl cinnamal, citronellol, limonene, linalool"
Dermedic Normacne,"ultranawilżający krem do twarzy wspierający farmakoterapię trądziku, 40 ml",5,73.99,73.99,/dermedic-ultranawilzajacy-krem-do-twarzy-wspierajacy-farmakoterapie-tradziku-40-ml-000000000000366257.html,nawilżający,"Aqua, Caprylic/Capric Triglyceride, Glycerin, Methylpropanediol, Ethyl Linolenate, Ethyl Linoleate, Ethyl Oleate, Ethyl Palmitate, Ethyl Stearate, Sodium Hyaluronate, Betaine, Cetyl Alcohol, Squalane, Sorbitol, Sodium PCA, Sodium Lactate, Caprylyl Glycol, Niacinamide,  PEG-8, Tocopherol, Ascorbyl  Palmitate, Ascorbic Acid, Citric Acid, Acrylates/C10-30 Alkyl Acrylate Crosspolymer, Triethanolamine, Polyacrylamide, C 13-14 Isoparaffin, Laureth-7, DMDM Hydantoin, Iodopropynyl Butylcarbamate, Phenoxyethanol, Ethylhexylglycerin, Parfum, CI 19140·42090",3.4,40.0,184.97,184.97,Dermedic,0.0,"water, caprylic,capric triglyceride, glycerin, methylpropanediol, ethyl linolenate, ethyl linoleate, ethyl oleate, ethyl palmitate, ethyl stearate, sodium hyaluronate, betaine, cetyl alcohol, squalane, sorbitol, sodium pca, sodium lactate, caprylyl glycol, niacinamide,    peg-8, tocopherol, ascorbyl    palmitate, ascorbic acid, citric acid, acrylates,c10 - 30 alkyl acrylate crosspolymer, triethanolamine, polyacrylamide, c 13 - 14 isoparaffin, laureth-7, dmdm hydantoin, iodopropynyl butylcarbamate, phenoxyethanol, ethylhexylglycerin, parfum, ci 19140·42090"
Missha Essence,"krem przeciwsłoneczny do twarzy SPF45 PA+++, 50 ml",46,69.99,69.99,/missha-krem-przeciwsloneczny-do-twarzy-spf45-pa-50-ml-000000000000385830.html,ochrona UV,"Water, Ethylhexyl Methoxycinnamate, Ethylhexyl Salicylate, Butylene Glycol, Phenylbenzimidazole Sulfonic Acid, Diethylamino Hydroxybenzoyl Hexyl Benzoate, Methyl Methacrylate Crosspolymer, C12-15 Alkyl Benzoate, Cetearyl Alcohol, Bis-Ethylhexyloxyphenol Methoxyphenyl Triazine, Glyceryl Stearate, Cetearyl Olivate, Sorbitan Olivate, Sodium Hydroxide, Polysorbate 60, Dimethicone, Polyacrylate-13, Caprylyl Glycol, PEG-100 Stearate, Ethylhexylglycerin, Fragrance, Polyisobutene, Sorbitan Sesquioleate, Disodium EDTA, BHT, 1,2-Hexanediol, Polysorbate 20, Sorbitan Isostearate, Limonia Acidissima Extract, Nelumbo Nucifera Flower Extract, Panthenol, Portulaca Oleracea Extract, Propylene Glycol, VP/Hexadecene Copolymer, Rosa Davurica Bud Extract, Cyclopentasiloxane, Cucumis Sativus (Cucumber) Fruit Extract, Potassium Sorbate, Acrylates/Dimethicone Copolymer, Morus Alba Root Extract, Hamamelis Virginiana (Witch Hazel) Water, Glycyrrhiza Glabra (Licorice) Root Extract, Alcohol, Camellia Sinensis Leaf Extract, Chrysanthemum Indicum Flower Extract, Phenoxyethanol, Artemisia Princeps Leaf Extract, Cinnamomum Cassia Bark Extract, Pueraria Lobata Root Extract, Diospyros Kaki Leaf Extract, Aloe Barbadensis Leaf Juice, Morus Alba Fruit Extract, Thymus Vulgaris (Thyme) Leaf Water, Helichrysum Italicum Flower Water, Centaurea Cyanus Flower Water, Sodium Benzoate",4.8,50.0,139.98,139.98,Missha,0.0,"water, ethylhexyl methoxycinnamate, ethylhexyl salicylate, butylene glycol, phenylbenzimidazole sulfonic acid, diethylamino hydroxybenzoyl hexyl benzoate, methyl methacrylate crosspolymer, c12 - 15 alkyl benzoate, cetearyl alcohol, bis - ethylhexyloxyphenol methoxyphenyl triazine, glyceryl stearate, cetearyl olivate, sorbitan olivate, sodium hydroxide, polysorbate 60, dimethicone, polyacrylate-13, caprylyl glycol, peg-100 stearate, ethylhexylglycerin, fragrance, polyisobutene, sorbitan sesquioleate, disodium edta, bht, 1,2 - hexanediol, polysorbate 20, sorbitan isostearate, limonia acidissima extract, nelumbo nucifera flower extract, panthenol, portulaca oleracea extract, propylene glycol, vp,hexadecene copolymer, rosa davurica bud extract, cyclopentasiloxane, cucumis sativus (cucumber) fruit extract, potassium sorbate, acrylates,dimethicone copolymer, morus alba root extract, hamamelis virginiana (witchhazel) water, glycyrrhiza glabra (licorice) root extract, alcohol, camellia sinensis leaf extract, chrysanthemum indicum flower extract, phenoxyethanol, artemisia princeps leaf extract, cinnamomum cassia bark extract, pueraria lobata root extract, diospyros kaki leaf extract, aloe barbadensis leaf juice, morus alba fruit extract, thymus vulgaris (thyme) leaf water, helichrysum italicum flower water, centaurea cyanus flower water, sodium benzoate"
Ziaja med Siemię Lniane,"ultra odżywczy krem do twarzy, 50 ml",8,14.99,14.99,/ziaja-med-ultra-odzywczy-krem-do-twarzy-50-ml-000000000000436728.html,odżywczy,"Aqua (Water), Cetearyl Ethylhexanoate, Canola Oil, Glycerin, Helianthus Annuus (Sunflower) Seed Oil, Polyglyceryl-3 Ricinoleate, Simmondsia Chinensis (Jojoba) Seed Oil, Punica Granatum Sterols, Diisostearoyl Polyglyceryl-3 Dimer Dilinoleate, Hydrolyzed Linseed Extract, Tocopheryl Acetate, Magnesium Sulfate, Hydrogenated Castor Oil, Sodium Benzoate, Citric Acid.",5.0,50.0,29.98,29.98,Ziaja,0.0,"water (water), cetearyl ethylhexanoate, canola oil, glycerin, helianthus annuus (sunflower) seed oil, polyglyceryl-3 ricinoleate, simmondsia chinensis (jojoba) seed oil, punica granatum sterols, diisostearoyl polyglyceryl-3 dimer dilinoleate, hydrolyzed linseed extract, tocopheryl acetate, magnesium sulfate, hydrogenated castor oil, sodium benzoate, citric acid."
L'Oréal Paris Expert Wieku,"przeciwzmarszczkowy krem odżywczy do twarzy na noc 70+, 50 ml",11,21.59,33.99,/loreal-paris-70-przeciwzmarszczkowy-krem-odzywczy-na-noc-50ml-000000000000292674.html,odżywczy,"AQUA/WATER, GLYCERIN, ETHYLHEXYL SALICYLATE, NIACINAMIDE, DIMETHICONE, ALCOHOL DENAT., OCTOCRYLENE, PENTYLENE GLYCOL, BUTYL METHOXYDIBENZOYLMETHANE, OCTYLDODECANOL, ISOPROPYL ISOSTEARATE, TRIETHANOLAMINE, BEHENYL ALCOHOL, PHENYLBENZIMIADAZOLE SULFONIC ACID, PEG-100 STEARATE, STEARIC ACID, TITANIUM DIOXIDE [NANO]/TITANIUM DIOXIDE, CARBOMER, PTFE, DIMETHICONOL, CETEARYL ALCOHOL, CETEARYL GLUCOSIDE, MYRISTIC ACID, PALITIC ACID, ALUMINA, AMMONIUM ACRYLOYLDIMETHYLTAURATE/STEARETH-25 METHACRYLATE CROSSPOLYMER, AMMONIUM POLYACRYLOYLDIMETHYL TAURATE, DISODIUM EDTA, DISODIUM STEAROYL GLUTAMATE, HYDROLYZED OPUNTIA FICUS-INDICA FLOWER EXTRACT, CAPRYLOYL SALICYLIC ACID, IRIS FLORENTINIA ROOT EXTRACT, PANTHENOL, T-BUTYL ALCOHOL, ETHYLHEXYLGLYCERIN, CETYL ALCOHOL, BUTYLENE GLYCOL, TOCOPHERYL ACETATE, METHYLPARABEN, PHENOXYETHANOL, LINALOOL, GERANIOL, ALPHA-ISOMETHYL IONONE, LIMONENE, CITRAL, CITRONELLOL, BENZYL ALCOHOL, PARFUM/FRAGRANCE",4.9,50.0,67.98,43.18,L'Oréal Paris,36.4813180347161,"water,water, glycerin, ethylhexyl salicylate, niacinamide, dimethicone, alcohol denat., octocrylene, pentylene glycol, butyl methoxydibenzoylmethane, octyldodecanol, isopropyl isostearate, triethanolamine, behenyl alcohol, phenylbenzimiadazole sulfonic acid, peg-100 stearate, stearic acid, titanium dioxide, nano]/titanium dioxide, carbomer, ptfe, dimethiconol, cetearyl alcohol, cetearyl glucoside, myristic acid, palitic acid, alumina, ammonium acryloyldimethyltaurate,steareth-25 methacrylate crosspolymer, ammonium polyacryloyldimethyl taurate, disodium edta, disodium stearoyl glutamate, hydrolyzed opuntia ficus - indica flower extract, capryloyl salicylic acid, iris florentinia root extract, panthenol, t - butyl alcohol, ethylhexylglycerin, cetyl alcohol, butylene glycol, tocopheryl acetate, methylparaben, phenoxyethanol, linalool, geraniol, alpha - isomethyl ionone, limonene, citral, citronellol, benzyl alcohol, parfum,fragrance"
Yope Moon SPA,"krem do twarzy na noc, 50 ml",17,79.99,99.99,/yope-krem-do-twarzy-na-noc-50-ml-000000000000384007.html,"Nawilżające,
Odbudowujące,
Pielęgnujące,
Relaksujące","Aqua, Caprylic/Capric Triglyceride, Decyl Isostearate, Sucrose Polystearate, Glyceryl Stearate, Behenyl Alcohol, Glycerin, Crambe Abyssinica Seed Oil, Argania Spinosa Kernel Oil, Lactobacillus/Arundinaria Gigantea Ferment Filtrate, Shea Butter Ethyl Esters, Myristyl Myristate, Moringa Oleifera Seed Oil, Cetyl Palmitate, Isostearyl Isostearate, Theobroma Grandiflorum Seed Butter, Jojoba Esters, Caryodendron Orinocense Seed Oil, Bakuchiol, Astrocaryum Murumuru Seed Butter, Panthenol, Butylene Glycol, Soybean Glycerides, Pentylene Glycol, Glyceryl Caprylate, Parfum, Butyrospermum Parkii Butter Unsaponifiables, Stearic Acid, Magnolia Officinalis Bark Extract, Maltodextrin, Myristyl Alcohol, Lauryl Alcohol, Cetyl Alcohol, Palmitic Acid, Leuconostoc/Radish Root Ferment Filtrate, Saccharomyces/Panax Ginseng Flower Ferment Extract, Lactobacillus Ferment, Lecithin, Bupleurum Falcatum Root Extract, Atractylodes Macrocephala Root Extract, Astragalus Membranaceus Root Extract, Engelhardtia Chrysolepis Leaf Extract, Tocopherol, Citric Acid, Ascorbyl Palmitate, Limonene, Linalool.",3.4,50.0,199.98,159.98,Yope,20.002000200020003,"water, caprylic,capric triglyceride, decyl isostearate, sucrose polystearate, glyceryl stearate, behenyl alcohol, glycerin, crambe abyssinica seed oil, argania spinosa kernel oil, lactobacillus,arundinaria gigantea ferment filtrate, shea butter ethyl esters, myristyl myristate, moringa oleifera seed oil, cetyl palmitate, isostearyl isostearate, theobroma grandiflorum seed butter, jojoba esters, caryodendron orinocense seed oil, bakuchiol, astrocaryum murumuru seed butter, panthenol, butylene glycol, soybean glyceride, pentylene glycol, glyceryl caprylate, parfum, butyrospermum parkii butter unsaponifiable, stearic acid, magnolia officinalis bark extract, maltodextrin, myristyl alcohol, lauryl alcohol, cetyl alcohol, palmitic acid, leuconostoc,radish root ferment filtrate, saccharomyce,panax ginseng flower ferment extract, lactobacillus ferment, lecithin, bupleurum falcatum root extract, atractylodes macrocephala root extract, astragalus membranaceus root extract, engelhardtia chrysolepis leaf extract, tocopherol, citric acid, ascorbyl palmitate, limonene, linalool."
Bandi Anti Irritate,"mineralny krem ochronny do twarzy SPF30, 30 ml",30,53.99,67.99,/bandi-mineralny-krem-ochronny-do-twarzy-spf30-30-ml-000000000000371309.html,ochrona UV,"Aqua/Water, Zinc Oxide, Caprylic/Capric Triglyceride, Caprylyl Methicone, Titanium Dioxide (nano), Cetyl Diglyceryl Tris(Trimethylsiloxy) Silylethyl Dimethicone, C13-15 Alkane, Glycerin, Divinyldimethicone/Dimethicone/Phenylsilsesquioxane Crosspolymer, Stearoxy Dimethicone, Polyhydroxystearic Acid, Sodium Chloride, Panthenol, Tocopheryl Acetate, Avena Sativa (Oat) Kernel Flour, Plukenetia Volubilis Seed Oil, Ceramide NP.,Olea Europaea (Olive) Fruit Oil, Stearalkonium Hectorite, Silica, Polyglyceryl-3 Polyricinoleate, Polyglyceryl-3 Diisostearate, Caprylyl Glycol, Dimethicone, Triethoxycaprylylsilane, Trimethoxycaprylylsilane, Polyglyceryl-10 Laurate , Tocopherol, Citric Acid, Parfum/Fragrance, Hydroxyacetophenone, 1,2-Hexanediol, Iron Oxide Yellow (CI 77492), Iron Oxide Red (CI 77491), Iron Oxide Black (CI 77499",3.8,30.0,226.63,179.97,Bandi,20.591263421091327,"water,water, zinc oxide, caprylic,capric triglyceride, caprylyl methicone, titanium dioxide (nano), cetyl diglyceryl tris(trimethylsiloxy) silylethyl dimethicone, c13 - 15 alkane, glycerin, divinyldimethicone,dimethicone,phenylsilsesquioxane crosspolymer, stearoxy dimethicone, polyhydroxystearic acid, sodium chloride, panthenol, tocopheryl acetate, avena sativa (oat) kernel flour, plukenetia volubilis seed oil, ceramide np.,olea europaea (olive) fruit oil, stearalkonium hectorite, silica, polyglyceryl-3 polyricinoleate, polyglyceryl-3 diisostearate, caprylyl glycol, dimethicone, triethoxycaprylylsilane, trimethoxycaprylylsilane, polyglyceryl-10 laurate, tocopherol, citric acid, parfum,fragrance, hydroxyacetophenone, 1,2 - hexanediol, iron oxide yellow (ci77492), iron oxide red (ci77491), iron oxide black ( ci 77499"
Ava Fill&Lift,"krem wypełniający zmarszczki do twarzy, 15 ml",5,24.49,34.99,/ava-krem-wypelniajacy-zmarszczki-do-twarzy-15-ml-000000000000423645.html,"Liftingujące,
Modelujące,
Napinające skórę,
Nawilżające,
Przeciwstarzeniowe,
Przeciwzmarszczkowe,
Uelastyczniające,
Ujędrniające,
Wygładzające","Aqua, Aloe Barbadensis Leaf Juice, Vitis Vinifera Seed Oil, Glycerin, Glyceryl Stearate Citrate, Gossypium Herbaceum Seed Oil, Argania Spinosa Kernel Oil, Tripelargonin, Brassica Campestris Seed Oil, Caprylic / Capric Triglyceride, Cetearyl Alcohol, Mangifera Indica Seed Butter, Tabebuia Impetiginosa Bark Extract, Caulerpa Lentillifera Extract, Sesamum Indicum Seed Extract, Zea Mays Starch, Dimethyl Isosorbide, Olus Oil, Glycine Soja Oil, Xanthan Gum, Polyglyceryl-3 Diisostearate, Phenoxyethanol, Ethylhexylglycerin, Tocopherol, Sodium Phytate, Beta-Sitosterol, Sodium Benzoate, Squalene, Potassium Sorbate, Citric Acid, Parfum",4.0,15.0,233.27,163.27,Ava,30.00857387825094,"water, aloe barbadensis leaf juice, vitis vinifera seed oil, glycerin, glyceryl stearate citrate, gossypium herbaceum seed oil, argania spinosa kernel oil, tripelargonin, brassica campestris seed oil, caprylic,capric triglyceride, cetearyl alcohol, mangifera indica seed butter, tabebuia impetiginosa bark extract, caulerpa lentillifera extract, sesamum indicum seed extract, zea mays starch, dimethyl isosorbide, olus oil, glycine soja oil, xanthan gum, polyglyceryl-3 diisostearate, phenoxyethanol, ethylhexylglycerin, tocopherol, sodium phytate, beta - sitosterol, sodium benzoate, squalene, potassium sorbate, citric acid, parfum"
Ava,"aktywator-krem z kolagenem morskim do twarzy, 50 ml",20,35.99,35.99,/ava-aktywator-krem-z-kolagenem-morskim-do-twarzy-50-ml-000000000000401335.html,Nawilżające,"Aqua, Glycerin, Butyrospermum Parkii Butter, Glycine Soja Oil, Glyceryl Stearate, Cetearyl Alcohol, Gossypium Herbaceum Seed Oil, Hydrolyzed Collagen, Cocos Nucifera Oil, Aloe Barbadensis Leaf Extract, Hydrogenated Olive Oil Unsaponifiables, Sodium Phytate, Sodium Carrageenan, Sea Salt, Hydrogenated Ethylhexyl Olivate, Ceteareth-20, Ceteareth-12, Cetyl Palmitate, Hydrogenated Vegetable Oil, Cetearyl Olivate, Sorbitan Olivate, Zea Mays Starch, Phenoxyethanol, Ethylhexylglycerin, Parfum",4.8,50.0,71.98,71.98,Ava,0.0,"water, glycerin, butyrospermum parkii butter, glycine soja oil, glyceryl stearate, cetearyl alcohol, gossypium herbaceum seed oil, hydrolyzed collagen, cocos nucifera oil, aloe barbadensis leaf extract, hydrogenate olive oil unsaponifiable, sodium phytate, sodium carrageenan, sea salt, hydrogenate ethylhexyl olivate, ceteareth-20, ceteareth-12, cetyl palmitate, hydrogenated vegetable oil, cetearyl olivate, sorbitan olivate, zea mays starch, phenoxyethanol, ethylhexylglycerin, parfum"
Ziaja Pietruszkowy,"krem pod oczy i na powieki przeciw zmarszczkom, 15 ml",10,6.99,6.99,/ziaja-krem-pod-oczy-i-na-powieki-przeciw-zmarszczkom-15-ml-000000000000299157.html,Redukujące cienie,"Aqua (Water),PPG-15 Stearyl Ether,Glyceryl Stearate,Hydrogenated Coco-Glycerides,Glycerin,Steareth-2,Vitis Vinifera (Grape) Seed Oil,Panthenol,Dimethicone,Propylene Glycol,Steareth-21,Tocopheryl Acetate,Petroselinum Crispum (Parsley) Leaf Oil,Retinyl Palmitate,Glyceryl Caprylate,Stearic Acid,Carbomer,PEG-8,Tocopherol,Ascorbyl Palmitate,Ascorbic Acid,Citric Acid,Methylparaben,Ethylparaben,DMDM Hydantoin,Sodium Hydroxide",4.6,15.0,46.6,46.6,Ziaja,0.0,"water (water),ppg-15 stearyl ether, glyceryl stearate, hydrogenated coco - glycerides, glycerin, steareth-2,vitis vinifera (grape) seed oil, panthenol, dimethicone, propylene glycol, steareth-21,tocopheryl acetate, petroselinum crispum (parsley) leaf oil, retinyl palmitate, glyceryl caprylate, stearic acid, carbomer, peg-8,tocopherol, ascorbyl palmitate, ascorbic acid, citric acid, methylparaben, ethylparaben, dmdm hydantoin, sodium hydroxide"
Yumi,"wielofunkcyjny żel aloesowy 99%, 200 ml",35,24.99,24.99,/yumi-wielofunkcyjny-zel-aloesowy-99-200-ml-000000000000401343.html,wielofunkcyjny,"Aloe Barbadensis Leaf Juice, Aqua, Glycerin, Xanthan Gum, Sodium Hyaluronate, Actinidia Chinensis Fruit Extract, Carica Papaya Fruit Extract, Cucumis Sativus Fruit Extract, Fragaria Ananassa Fruit Extract, Prunus Persica Fruit Extract, Pyrus Malus Fruit Extract, Rubus Idaeus Fruit Extract, Chondrus Crispus Powder, Parfum, Polysorbate 20, Levulinic Acid, Sodium Levulinate, Potassium Sorbate, Sodium Benzoate.",3.5,200.0,12.5,12.5,Yumi,0.0,"aloe barbadensis leaf juice, water, glycerin, xanthan gum, sodium hyaluronate, actinidia chinensis fruit extract, carica papaya fruit extract, cucumis sativus fruit extract, fragaria ananassa fruit extract, prunus persica fruit extract, pyrus malus fruit extract, rubus idaeus fruit extract, chondrus crispus powder, parfum, polysorbate 20, levulinic acid, sodium levulinate, potassium sorbate, sodium benzoate."
Pharmaceris N Capilar-Tone,"krem tonujący CC SPF30 dla skóry naczynkowej i nadreaktywnej, 40 ml",14,58.99,58.99,/pharmaceris-krem-tonujacy-cc-spf30-dla-skory-naczynkowej-i-nadreaktywnej-40-ml-000000000000389542.html,ochrona UV,"Tioprolina z wyciągiem z ostropestu
Kwas hialuronowy
Fotostabilne filtry UVA i UVB
Zielony pigment mineralny",4.8,40.0,147.48,147.48,Pharmaceris,0.0,"tioprolina z wyciągiem z ostropestu 
 kwas hialuronowy 
 fotostabilne filtry uva i uvb 
 zielony pigment mineralny"
Tołpa Dermo Face Hydrativ,"nawilżająca płynna esencja pod krem, 75 ml",64,27.99,39.99,/tolpa-nawilzajaca-plynna-esencja-pod-krem-do-twarzy-75ml-000000000000298378.html,nawilżający,"Aqua, Isopropyl Myristate, Steareth-20, Hydroxyethyl Urea, Glycerin, Peat Extract, Saccharide Isomerate, Carbomer, Sodium Polyacrylate, Xanthan Gum, Disodium EDTA, Sodium Hydroxide, Sodium Citrate, Citric Acid, Parfum, Methylpropanediol, Phenoxyethanol, Caprylyl Glycol, Benzoic Acid.",4.6,75.0,53.32,37.32,Tołpa,30.007501875468872,"water, isopropyl myristate, steareth-20, hydroxyethyl urea, glycerin, peat extract, saccharide isomerate, carbomer, sodium polyacrylate, xanthan gum, disodium edta, sodium hydroxide, sodium citrate, citric acid, parfum, methylpropanediol, phenoxyethanol, caprylyl glycol, benzoic acid."
Mixa Niacynamide Glow,"rozświetlający krem do twarzy, 50 ml",6,24.49,34.99,/mixa-rozswietlajacy-krem-do-twarzy-50-ml-000000000000424092.html,"Nawilżające, 
Rozświetlające","Aqua/Water, Glycerin, Squalane, Dimethicone, Zea Mays Starch/Corn Starch, Niacinamide, Pentylene Glycol, Ammonium Polyacryloyldimethyl Taurate, Bifida Ferment Lysate, Myristyl Myristate, Butylene Glycol, Tin Oxide, Stearic Acid, Potassium Cetyl Phosphate, Glyceryl Stearate SE, Sodium Hydroxide, Myristic Acid, Palmitic Acid, Ascorbyl Glucoside, Hydroxyacetophenone, Caprylyl Glycol, Tetrasodium Glutamate Diacetate, Lactic Acid, Acetic Acid, Xanthan Gum, Synthetic Fluorphlogopite, Tocopherol, Sodium Benzoate, CI 47005/Acid Yellow 3, CI 77891/Titanium Dioxide, CI 15510/Orange 4, Parfum/Fragrance (F.I.L. Z70013560/1)",5.0,50.0,69.98,48.98,Mixa,30.00857387825094,"water,water, glycerin, squalane, dimethicone, zea mays starch,corn starch, niacinamide, pentylene glycol, ammonium polyacryloyldimethyl taurate, bifida ferment lysate, myristyl myristate, butylene glycol, tin oxide, stearic acid, potassium cetyl phosphate, glyceryl stearate se, sodium hydroxide, myristic acid, palmitic acid, ascorbyl glucoside, hydroxyacetophenone, caprylyl glycol, tetrasodium glutamate diacetate, lactic acid, acetic acid, xanthan gum, synthetic fluorphlogopite, tocopherol, sodium benzoate, ci 47005,acid yellow 3, ci 77891,titanium dioxide, ci 15510,orange 4, parfum,fragrance (f.i.l.z70013560/1)"
Iwostin Purritin,"krem fast azg do twarzy, 40 ml",5,61.99,61.99,/iwostin-krem-fast-azg-do-twarzy-40-ml-000000000000384780.html,Łagodzące,"Aqua,Isohexadecane,Caprylic/Capric Triglyceride,Niacynamide,Methylpropanediol,Glycerin,Glyceryl Stearate SE,Potassium Azeloyl Diglycinate,Cetearyl Alcohol,Pentaerythrityl Distearate,Caprylyl Glycol,Distarch Phosphate,Lactobionic Acid,Stearic Acid,Inulin,Sodium Hyaluronate,Alpha-Glucan Oligosaccharide,Sodium Stearoyl Glutamate,Phenylpropanol,Disodium EDTA,Xanthan Gum,Phenoxyethanol,Parfum",4.4,40.0,154.98,154.98,Iwostin,0.0,"water, isohexadecane, caprylic,capric triglyceride, niacynamide, methylpropanediol, glycerin, glyceryl stearate se, potassium azeloyl diglycinate, cetearyl alcohol, pentaerythrityl distearate, caprylyl glycol, distarch phosphate, lactobionic acid, stearic acid, inulin, sodium hyaluronate, alpha - glucan oligosaccharide, sodium stearoyl glutamate, phenylpropanol, disodium edta, xanthan gum, phenoxyethanol, parfum"
Eveline Cosmetics Gold Lift Expert,"krem-serum do twarzy na dzień i na noc 70+, 50 ml",8,14.69,23.99,/eveline-krem-serum-do-twarzy-na-dzien-na-noc-50ml-000000000000289944.html,Liftingujące,"'Aqua (Water),Cetearyl Alcohol,Glycerin,Ceteareth-20,Butyrospermum Parkii Butter,Glycine Soja Oil,Petrolatum,Dimethicone,Paraffinum Liquidum,Octyldodecanol,Dicaprylyl Carbonate,Cetyl Alcohol,Macadamia Ternifolia Seed Oil,Plukenetia Volubilis Seed Oil,Olus Oil,Panax Ginseng Root Extract,Maris Limus Extract,Laminaria Hyperborea Extract,Ostrea Shell Extract,Sodium Hyaluronate,Betaine,Creatine,Cholesterol,Hydrolyzed Soy Protein,Tocopheryl Acetate,Palmitoyl Tetrapeptide -7,Palmitoyl Tripeptide-38,Gold,Tocopherol,Phenoxyethanol,Methylparaben,Ethylparaben,Butylparaben,Propylparaben,DMDM Hydantoin,Potassium Sorbate,Sodium Benzoate,Parfum (Fragrnace),Acrylates/C10-30 Alkyl Acrylate Crosspolymer,Triethanolamine,Propylene Glycol,Butylene Glycol,Ethylhexyl Methoxycinnamate,Steareth-20,Hydroxypropyl Cyclodextrin,Chlorhexidine Digluconate,Sorbic Acid,Disodium EDTA,BHT,Benzyl Salicylate,Citronellol,Coumarin,Limonene,Hydroxycitronellal,Hexyl Cinnamal,Linalool,CI 77820. '",5.0,50.0,47.98,29.38,Eveline Cosmetics,38.76615256356815,"' water (water),cetearyl alcohol, glycerin, ceteareth-20,butyrospermum parkii butter, glycine soja oil, petrolatum, dimethicone, paraffinum liquidum, octyldodecanol, dicaprylyl carbonate, cetyl alcohol, macadamia ternifolia seed oil, plukenetia volubilis seed oil, olus oil, panax ginseng root extract, maris limus extract, laminaria hyperborea extract, ostrea shell extract, sodium hyaluronate, betaine, creatine, cholesterol, hydrolyzed soy protein, tocopheryl acetate, palmitoyl tetrapeptide -7,palmitoyl tripeptide-38,gold, tocopherol, phenoxyethanol, methylparaben, ethylparaben, butylparaben, propylparaben, dmdm hydantoin, potassium sorbate, sodium benzoate, parfum (fragrnace),acrylates,c10 - 30 alkyl acrylate crosspolymer, triethanolamine, propylene glycol, butylene glycol, ethylhexyl methoxycinnamate, steareth-20,hydroxypropyl cyclodextrin, chlorhexidine digluconate, sorbic acid, disodium edta, bht, benzyl salicylate, citronellol, coumarin, limonene, hydroxycitronellal, hexyl cinnamal, linalool, ci 77820. '"
Basiclab Complementis,"krem o lekkiej konsystencji do twarzy, 50 ml",24,109.99,109.99,/basiclab-krem-o-lekkiej-konsystencji-do-twarzy-50-ml-000000000000414917.html,"Nawilżające,
Regenerujące","Aqua, Squalane, Tripelargonin, Inulin, Panthenol, Cetearyl Alcohol, Caprylic/Capric Triglyceride, Pentylene Glycol, Alpha- Glucan Oligosaccharide, Ceramide NP, Ceramide AP, Phytosphingosine, Sodium Lactate, Sodium PCA, Arginine, Glycine, Fructose, Urea, Niacinamide, Saccharide Isomerate, Borago Officinalis Seed Oil, Persea Gratissima Oil, Vitis Vinifera Seed Oil, Allantoin, Cannabis Sativa Seed Oil, Tocopherol, Inositol, Glucose, Lactic Acid, Potassium Cetyl Phosphate, Cetearyl Glucoside, Xanthan Gum, Hydroxyacetophenone, Sodium Citrate, Citric Acid, Sodium Benzoate",3.9,50.0,219.98,219.98,Basiclab,0.0,"water, squalane, tripelargonin, inulin, panthenol, cetearyl alcohol, caprylic,capric triglyceride, pentylene glycol, alpha- glucan oligosaccharide, ceramide np, ceramide ap, phytosphingosine, sodium lactate, sodium pca, arginine, glycine, fructose, urea, niacinamide, saccharide isomerate, borago officinalis seed oil, persea gratissima oil, vitis vinifera seed oil, allantoin, cannabis sativa seed oil, tocopherol, inositol, glucose, lactic acid, potassium cetyl phosphate, cetearyl glucoside, xanthan gum, hydroxyacetophenone, sodium citrate, citric acid, sodium benzoate"
Dermika Esthetic Solutions,"przeciwzmarszczkowy krem do twarzy, 50 ml",14,39.99,89.99,/dermika-przeciwzmarszczkowy-krem-do-twarzy-50-ml-000000000000413832.html,przeciwzmarszczkowy,"Aqua,Glycerin,Persea Gratissima Oil,Butyrospermum Parkii Butter,C10-18 Triglycerides,Caprylic/Capric Triglyceride,Decyl Oleate,Oryza Sativa Starch,Cetearyl Alcohol,Polyglyceryl-3 Dicitrate/Stearate,Inulin,Alpha-Glucan Oligosaccharide,Sodium Hyaluronate,Glycine Soja Oil,Retinal,Tocopherol,Beta-Sitosterol,Hydrogenated Vegetable Glycerides Citrate,Behenyl Alcohol,Cetearyl Glucoside,Ethylhexylglycerin,Caprylyl Glycol,Sodium Phytate,Citric Acid,Squalene,Phenoxyethanol,Parfum,Linalool,Limonene,Benzyl Salicylate,Hexyl Cinnamal,Alpha Isomethyl Ionone,Citronellol",4.5,50.0,179.98,79.98,Dermika,55.56172908100899,"water, glycerin, persea gratissima oil, butyrospermum parkii butter, c10 - 18 triglycerides, caprylic,capric triglyceride, decyl oleate, oryza sativa starch, cetearyl alcohol, polyglyceryl-3 dicitrate,stearate, inulin, alpha - glucan oligosaccharide, sodium hyaluronate, glycine soja oil, retinal, tocopherol, beta - sitosterol, hydrogenated vegetable glycerides citrate, behenyl alcohol, cetearyl glucoside, ethylhexylglycerin, caprylyl glycol, sodium phytate, citric acid, squalene, phenoxyethanol, parfum, linalool, limonene, benzyl salicylate, hexyl cinnamal, alpha isomethyl ionone, citronellol"
L'Oréal Paris Hyaluron Specialist,"krem pod oczy, 15 ml",12,25.29,38.99,/loreal-paris-krem-pod-oczy-15-ml-000000000000368103.html,"Nawilżające,
Wygładzające",909057 4 - INGREDIENTS: AQUA / WATER • DIMETHICONE • GLYCERIN • SILICA [NANO] / SILICA • ACRYLAMIDE/SODIUM ACRYLOYLDIMETHYLTAURATE COPOLYMER • PRUNUS ARMENIACA KERNEL OIL / APRICOT KERNEL OIL • ADENOSINE • CAFFEINE • DISODIUM EDTA • HYDROXYETHYLPIPERAZINE ETHANE SULFONIC ACID • SODIUM HYALURONATE • TRIETHANOLAMINE • TOCOPHERYL ACETATE • ACRYLATES/C10-30 ALKYL ACRYLATE CROSSPOLYMER • CI 77891 / TITANIUM DIOXIDE • ISOHEXADECANE • MICA • POLYSORBATE 80 • SORBITAN OLEATE • TIN OXIDE • DIMETHICONE/VINYL DIMETHICONE CROSSPOLYMER • DIMETHICONOL • CHLORPHENESIN • PHENOXYETHANOL (F.I.L. B232194/1).,4.3,15.0,259.93,168.6,L'Oréal Paris,35.13721467042832,"909057 4 - ingredient: water,water,dimethicone,glycerin,silica, nano ],silica,acrylamide,sodium acryloyldimethyltaurate copolymer,prunus armeniaca kernel oil,apricot kernel oil,adenosine,caffeine,disodium edta,hydroxyethylpiperazine ethane sulfonic acid,sodium hyaluronate,triethanolamine,tocopheryl acetate,acrylates,c10 - 30 alkyl acrylate crosspolymer,ci 77891,titanium dioxide,isohexadecane,mica,polysorbate 80,sorbitan oleate,tin oxide,dimethicone,vinyl dimethicone crosspolymer,dimethiconol,chlorphenesin,phenoxyethanol (f.i.l.b232194/1)."
Bielenda Super Trio,"przeciwzmarszczkowy krem do twarzy 50+, 50 ml",8,23.09,31.99,/bielenda-przeciwzmarszczkowy-krem-do-twarzy-50-50-ml-000000000000428160.html,przeciwzmarszczkowy,"Aqua (Water),Coco-Caprylate/Caprate,Ethylhexyl Stearate,Sorbitan Stearate,Macadamia Integrifolia Seed Oil,Glyceryl Stearate,Propanediol,Cetearyl Alcohol,Tocopheryl Acetate,Glycerin,Ascorbyl Tetraisopalmitate,Hydrolyzed Collagen,3-O-Ethyl Ascorbic Acid,Retinol,Sorbityl Laurate,Tocopherol,Beta-Sitosterol,Squalene,Ascorbyl Palmitate,Glycine Soja (Soybean) Oil,Xanthan Gum,Sodium Stearoyl Glutamate,Citric Acid,Polysorbate 20,Polysorbate 60,Disodium EDTA,Ethylhexylglycerin,Phenoxyethanol,Methylparaben,BHT,Parfum (Fragrance),Benzyl Salicylate,Hexyl Cinnamal,Hydroxycitronellal,Limonene,Linalool",4.9,50.0,63.98,46.18,Bielenda,27.821194123163483,"water (water),coco - caprylate,caprate, ethylhexyl stearate, sorbitan stearate, macadamia integrifolia seed oil, glyceryl stearate, propanediol, cetearyl alcohol, tocopheryl acetate, glycerin, ascorbyl tetraisopalmitate, hydrolyzed collagen,3 - o - ethyl ascorbic acid, retinol, sorbityl laurate, tocopherol, beta - sitosterol, squalene, ascorbyl palmitate, glycine soja (soybean) oil, xanthan gum, sodium stearoyl glutamate, citric acid, polysorbate 20,polysorbate 60,disodium edta, ethylhexylglycerin, phenoxyethanol, methylparaben, bht, parfum (fragrance),benzyl salicylate, hexyl cinnamal, hydroxycitronellal, limonene, linalool"
Mixa Hyalurogel,"krem intensywnie nawilżający do twarzy dla skóry wrażliwej, suchej i bardzo suchej, 50 ml",50,23.09,31.99,/mixa-krem-intensywnie-nawilzajacy-do-twarzy-50ml-000000000000298785.html,nawilżający,880247 8 - INGREDIENTS: AQUA / WATER • GLYCERIN • DIMETHICONE • CAPRYLIC/CAPRIC TRIGLYCERIDE • PENTAERYTHRITYL TETRAISOSTEARATE • BUTYROSPERMUM PARKII BUTTER / SHEA BUTTER • STEARYL DIMETHICONE • AMMONIUM POLYACRYLOYLDIMETHYL TAURATE • PROPYLENE GLYCOL • SYNTHETIC WAX • ACRYLATES/C10-30 ALKYL ACRYLATE CROSSPOLYMER • ACRYLONITRILE/METHYL METHACRYLATE/VINYLIDENE CHLORIDE COPOLYMER • BHT • BIOSACCHARIDE GUM-1 • CAPRYLYL GLYCOL • CARRAGEENAN • CITRIC ACID • DISODIUM EDTA • GLYCERYL ISOSTEARATE • ISOBUTANE • PHENOXYETHANOL • POLOXAMER 338 • SODIUM HYALURONATE • SODIUM HYDROXIDE • PARFUM / FRAGRANCE (F.I.L. B206400/2).,4.5,50.0,63.98,46.18,Mixa,27.821194123163483,"880247 8 - ingredient: water,water,glycerin,dimethicone,caprylic,capric triglyceride,pentaerythrityl tetraisostearate,butyrospermum parkii butter,shea butter,stearyl dimethicone,ammonium polyacryloyldimethyl taurate,propylene glycol,synthetic wax,acrylate,c10 - 30 alkyl acrylate crosspolymer,acrylonitrile,methyl methacrylate,vinylidene chloride copolymer,bht,biosaccharide gum-1,caprylyl glycol,carrageenan,citric acid,disodium edta,glyceryl isostearate,isobutane,phenoxyethanol,poloxamer 338,sodium hyaluronate,sodium hydroxide,parfum,fragrance (f.i.l.b206400/2)."
Tołpa Dermo Face Lumi Filter,"krem do twarzy SPF50, 40 ml",20,37.99,59.99,/tolpa-krem-do-twarzy-spf50-40-ml-000000000000424648.html,ochrona UV,"Aqua, Caprylic/Capric Triglyceride, Diethylamino Hydroxybenzoyl Hexyl Benzoate, Coco-Caprylate, Glycerin, Bis-Ethylhexyloxyphenol Methoxyphenyl Triazine, Ethylhexyl Salicylate, Ethylhexyl Triazone, Potassium Cetyl Phosphate, Tapioca Starch, Peat Extract, Hydroxypropyl Starch Phosphate, Cetearyl Alcohol, Glyceryl Stearate, Pentaerythrityl Distearate, Niacinamide, Zinc PCA, Ceteareth-20, Xanthan Gum, Carnosine, Phospholipids, Tocopherol, Methylpropanediol, Caprylyl Glycol, Benzoic Acid.",1.9,40.0,149.98,94.98,Tołpa,36.672778796466076,"water, caprylic,capric triglyceride, diethylamino hydroxybenzoyl hexyl benzoate, coco - caprylate, glycerin, bis - ethylhexyloxyphenol methoxyphenyl triazine, ethylhexyl salicylate, ethylhexyl triazone, potassium cetyl phosphate, tapioca starch, peat extract, hydroxypropyl starch phosphate, cetearyl alcohol, glyceryl stearate, pentaerythrityl distearate, niacinamide, zinc pca, ceteareth-20, xanthan gum, carnosine, phospholipid, tocopherol, methylpropanediol, caprylyl glycol, benzoic acid."
Ziaja Yego,"przeciwzmarszczkowy krem do twarzy, 50 ml",5,9.99,9.99,/ziaja-krem-przeciw-zmarszczkom-do-twarzy-50ml-000000000000221401.html,przeciwzmarszczkowy,"Aqua (Water),Hexyl Laurate,Octyldodecanol,Caprylic/Capric Triglyceride,Cetearyl Alcohol,PEG-20 Stearate,Dimethicone,Glyceryl Stearate,PEG-100 Stearate,Hydrogenated Coco-Glycerides,Propylene Glycol,Ethylhexyl Triazone,Panthenol,Butyrospermum Parkii (Shea) Butter,Ethylhexyl Palmitate,Luffa Cylindrica Seed Oil,Sodium Acrylate/Sodium Acryloyldimethyl Taurate Copolymer,Isohexadecane,Polysorbate 80,Xanthan Gum,Hydrolyzed Soy Protein,Hydrolyzed Wheat Protein,Glucose,Chondrus Crispus (Carrageenan),Cyamopsis Tetragonoloba (Guar) Gum,Sodium Phosphate,Caprylyl Glycol,Bis-Ethylhexyloxyphenol Methoxyphenyl Triazine,Butyl Methoxydibenzoylmethane,Niacinamide,Calcium Pantothenate,Sodium Ascorbyl Phosphate,Tocopheryl Acetate,Pyridoxine HCI,Maltodextrin,Sodium Starch Octenylsuccinate,Silica,Oxidized Corn Oil,Allantoin,Carbomer,Hydroxyacetophenone,Methylparaben,Parfum (Fragrance),Linalool,Limonene,Eugenol,Citronellol,Alpha-Isomethyl Ionone,Sodium Hydroxide,Citric Acid",4.6,50.0,19.98,19.98,Ziaja,0.0,"water (water),hexyl laurate, octyldodecanol, caprylic,capric triglyceride, cetearyl alcohol, peg-20 stearate, dimethicone, glyceryl stearate, peg-100 stearate, hydrogenated coco - glycerides, propylene glycol, ethylhexyl triazone, panthenol, butyrospermum parkii (shea) butter, ethylhexyl palmitate, luffa cylindrica seed oil, sodium acrylate,sodium acryloyldimethyl taurate copolymer, isohexadecane, polysorbate 80,xanthan gum, hydrolyzed soy protein, hydrolyzed wheat protein, glucose, chondrus crispus (carrageenan),cyamopsis tetragonoloba (guar) gum, sodium phosphate, caprylyl glycol, bis - ethylhexyloxyphenol methoxyphenyl triazine, butyl methoxydibenzoylmethane, niacinamide, calcium pantothenate, sodium ascorbyl phosphate, tocopheryl acetate, pyridoxine hci, maltodextrin, sodium starch octenylsuccinate, silica, oxidize corn oil, allantoin, carbomer, hydroxyacetophenone, methylparaben, parfum (fragrance),linalool, limonene, eugenol, citronellol, alpha - isomethyl ionone, sodium hydroxide, citric acid"
Iwostin Solecrin,"lekki krem ochronny do twarzy SPF30, 50 ml",9,54.99,54.99,/iwostin-lekki-krem-ochronny-do-twarzy-spf30-50-ml-000000000000384770.html,ochrona UV,"Aqua,C12-15 Alkyl Benzoate,Ethylhexyl Methoxycinnamate,Dicaprylyl Carbonate,Glycerin,Titanium Dioxide,Butyl Methoxydibenzoylmethane,Bis-Ethylhexyloxyphenol Methoxyphenyl Triazine,Potassium Cetyl Phosphate,Caprylic/Capric Triglyceride,Methylene Bis-Benzotriazolyl Tetramethylbutylphenol [nano],VP/Eicosene Copolymer,Propylheptyl Caprylate,Hydrogenated Polydecene,Acrylates Copolymer,Aluminum Starch Octenylsuccinate,Cetearyl Alcohol,Glyceryl Stearate SE,Phenoxyethanol,Tocopheryl Acetate,Hydroxystearic Acid,Decyl Glucoside,Sodium Polyacrylate,Parfum,Tocopherol,Glycine Soja (Soybean) Oil,Ethylhexylglycerin,Disodium EDTA,Propylene Glycol,Xanthan Gum,Dimethicone,Alumina,Laminaria Ochroleuca Extract,Hydrogenated Olive Oil Stearyl Esters,BHT,PEG-8,Ascorbyl Palmitate,Ascorbic Acid,Citric Acid",2.3,50.0,109.98,109.98,Iwostin,0.0,"water, c12 - 15 alkyl benzoate, ethylhexyl methoxycinnamate, dicaprylyl carbonate, glycerin, titanium dioxide, butyl methoxydibenzoylmethane, bis - ethylhexyloxyphenol methoxyphenyl triazine, potassium cetyl phosphate, caprylic,capric triglyceride, methylene bis - benzotriazolyl tetramethylbutylphenol, nano],vp,eicosene copolymer, propylheptyl caprylate, hydrogenated polydecene, acrylates copolymer, aluminum starch octenylsuccinate, cetearyl alcohol, glyceryl stearate se, phenoxyethanol, tocopheryl acetate, hydroxystearic acid, decyl glucoside, sodium polyacrylate, parfum, tocopherol, glycine soja (soybean) oil, ethylhexylglycerin, disodium edta, propylene glycol, xanthan gum, dimethicone, alumina, laminaria ochroleuca extract, hydrogenated olive oil stearyl esters, bht, peg-8,ascorbyl palmitate, ascorbic acid, citric acid"
AA,"krem półtłusty do cery wrażliwej, 50 ml",7,18.49,18.49,/aa-krem-poltlusty-do-cery-wrazliwej-50-ml-000000000000413303.html,Natłuszczające,"Aqua,Ethylhexyl Stearate,Pentylene Glycol,Cetearyl Ethylhexanoate,Petrolatum,Glycerin,Cera Microcristallina,Isodecyl Neopentanoate,PEG-30 Dipolyhydroxystearate,Allantoin,Dicaprylyl Ether,Magnesium Sulfate,Tocopheryl Acetate,Glyceryl Stearate Citrate,Borago Officinalis Seed Oil,Ceramide NP,Squalane,Tocopherol,Hydrogenated Palm Oil,Cholesterol,Glyceryl Behenate,Ethylhexylglycerin,Phenoxyethanol",4.7,50.0,36.98,36.98,AA,0.0,"water, ethylhexyl stearate, pentylene glycol, cetearyl ethylhexanoate, petrolatum, glycerin, cera microcristallina, isodecyl neopentanoate, peg-30 dipolyhydroxystearate, allantoin, dicaprylyl ether, magnesium sulfate, tocopheryl acetate, glyceryl stearate citrate, borago officinalis seed oil, ceramide np, squalane, tocopherol, hydrogenated palm oil, cholesterol, glyceryl behenate, ethylhexylglycerin, phenoxyethanol"
Bielenda Eco Sorbet,"krem nawilżający do twarzy, 50 ml",151,18.89,25.99,/bielenda-krem-nawilzajacy-do-twarzy-50-ml-000000000000383621.html,nawilżający,"Aqua (Water),Tripelargonin,Prunus Amygdalus Dulcis (Sweet Almond) Oil,Butyrospermum Parkii (Shea Butter),Glyceryl Stearate,Propanediol,Squalane,Stearyl Alcohol,Ethyl Oleate,Trehalose,Betain,Caprylic/Capric Triglyceride,Glycerin,Rubus Idaeus (Raspberry) Seed Oil,Rubus Idaeus (Raspberry) Fruit Extract,Sodium Hyaluronate,Lithospermum Erythrorhizon Root Extract,C10-18 Triglycerides,Potassium Cetyl Phosphate,Sodium Stearoyl Glutamate,Squalene,Glycine Soja (Soybean) Oil,Ascorbyl Palmitate,Tocopherol,Beta-Sitosterol,Mica,Xanthan Gum,Lactic Acid,Citric Acid,Benzyl Alcohol,Potassium Sorbate,Sodium Benzoate,Parfum (Fragrance),Limonene,Linalool,CI 77891",3.6,50.0,51.98,37.78,Bielenda,27.318199307425928,"water (water),tripelargonin, prunus amygdalus dulcis (sweetalmond) oil, butyrospermum parkii (sheabutter),glyceryl stearate, propanediol, squalane, stearyl alcohol, ethyl oleate, trehalose, betain, caprylic,capric triglyceride, glycerin, rubus idaeus (raspberry) seed oil, rubus idaeus (raspberry) fruit extract, sodium hyaluronate, lithospermum erythrorhizon root extract, c10 - 18 triglycerides, potassium cetyl phosphate, sodium stearoyl glutamate, squalene, glycine soja (soybean) oil, ascorbyl palmitate, tocopherol, beta - sitosterol, mica, xanthan gum, lactic acid, citric acid, benzyl alcohol, potassium sorbate, sodium benzoate, parfum (fragrance),limonene, linalool, ci 77891"
Bioderma Sébium Hydra,"nawilżający krem do skóry tłustej i ze skłonnością do trądziku, 40 ml",15,53.99,89.99,/bioderma-nawilzajacy-krem-do-skory-tlustej-ze-sklonnoscia-do-tradziku-30ml-000000000000225316.html,nawilżający,"AQUA/WATER/EAU, GLYCERIN, MINERAL OIL (PARAFFINUM LIQUIDUM), ETHYLHEXYL PALMITATE, DIPROPYLENE GLYCOL, BIS-PEG/PPG-16/16 PEG/PPG-16/16 DIMETHICONE, SODIUM ACRYLATE/SODIUM ACRYLOYLDIMETHYL TAURATE COPOLYMER, OPATENTOWANY KOMPLEKS D.A.F, FRUCTOOLIGOSACCHARIDES, LAMINARIA OCHROLEUCA EXTRACT, GLYCYRRHETINIC ACID, ALLANTOIN, CERAMIDE 3, TOCOPHERYL ACETATE, ISOHEXADECANE, CAPRYLIC/CAPRIC TRIGLYCERIDE, POLYSORBATE 80, DISODIUM EDTA, CETRIMONIUM BROMIDE, GINKGO BILOBA LEAF EXTRACT, DODECYL GALLATE, PROPYLENE GLYCOL, FRAGRANCE (PARFUM). [BI 217]",4.8,40.0,224.97,134.98,Bioderma,40.00444493832648,"water,water,eau, glycerin, mineral oil (paraffinumliquidum), ethylhexyl palmitate, dipropylene glycol, bis - peg,ppg-16/16 peg,ppg-16/16 dimethicone, sodium acrylate,sodium acryloyldimethyl taurate copolymer, opatentowany kompleks d.a.f, fructooligosaccharides, laminaria ochroleuca extract, glycyrrhetinic acid, allantoin, ceramide 3, tocopheryl acetate, isohexadecane, caprylic,capric triglyceride, polysorbate 80, disodium edta, cetrimonium bromide, ginkgo biloba leaf extract, dodecyl gallate, propylene glycol, fragrance (parfum)., bi 217 ]"
Pure By Clochee Super Foods,"krem witaminowy do twarzy, 50 ml",10,44.59,63.99,/pure-by-clochee-krem-witaminowy-do-twarzy-50-ml-000000000000404415.html,Odżywcze,"Aqua, Glycerin, Caprylic/Capric Triglyceride, Persea Gratissima Oil, Prunus Amygdalus Dulcis Oil, Cocos Nucifera Fruit Juice, Glyceryl Stearate Citrate, Cetearyl Alcohol, Polyglyceryl-3 Distearate, Sorbitan Stearate, Prunus Domestica Seed Oil, Ceramide NP/ Ceramide 3, Myrciaria Dubia Fruit Extract, Hyaluronic Acid, Olive Glycerides, Fragaria Ananassa Fruit Extract, Rubus Idaeus Fruit Extract, Rubus Fruticosus Fruit Extract, Niacinamide, Hydrolyzed Glycosaminoglycans, Panthenol, Hippophae Rhamnoides Oil, Punica Granatum Fruit Extract, Vaccinium Macrocarpon Fruit Extract, Tocopherol, Xanthan Gum, Sucrose Cocoate, Citric Acid, Dehydroacetic Acid, Parfum, Sodium Benzoate, Sodium Hydroxide, Potassium Sorbate, Benzyl Alcohol, Benzyl Benzoate, Citral, Eugenol, Limonene.",4.6,50.0,127.98,89.18,Clochee,30.31723706829192,"water, glycerin, caprylic,capric triglyceride, persea gratissima oil, prunus amygdalus dulcis oil, cocos nucifera fruit juice, glyceryl stearate citrate, cetearyl alcohol, polyglyceryl-3 distearate, sorbitan stearate, prunus domestica seed oil, ceramide np/ ceramide 3, myrciaria dubia fruit extract, hyaluronic acid, olive glyceride, fragaria ananassa fruit extract, rubus idaeus fruit extract, rubus fruticosus fruit extract, niacinamide, hydrolyzed glycosaminoglycans, panthenol, hippophae rhamnoide oil, punica granatum fruit extract, vaccinium macrocarpon fruit extract, tocopherol, xanthan gum, sucrose cocoate, citric acid, dehydroacetic acid, parfum, sodium benzoate, sodium hydroxide, potassium sorbate, benzyl alcohol, benzyl benzoate, citral, eugenol, limonene."
Weleda Skin Food,"nawilżający krem do twarzy, 30 ml",31,28.99,28.99,/weleda-krem-do-twarzy-30ml-000000000000294966.html,nawilżający,"Water (Aqua), Helianthus Annuus (Sunflower) Seed Oil, Lanolin, Prunus Amygdalus Dulcis (Sweet Almond) Oil, Beeswax (Cera Alba), Alcohol, Polyglyceryl-3 Polyricinoleate, Glycerin, Limonene*, Viola Tricolor Extract, Hydrolyzed Beeswax, Sorbitan Olivate, Rosmarinus Officinalis (Rosemary) Leaf Extract, Chamomilla Recutita (Matricaria) Flower Extract , Calendula Officinalis Flower Extract , Arginine, Zinc Sulfate, Fragrance (Parfum)*, Linalool*, Geraniol*, Citral*, Coumarin* * z naturalnych olejków eterycznych.",3.9,30.0,96.63,96.63,Weleda,0.0,"water (water), helianthus annuus (sunflower) seed oil, lanolin, prunus amygdalus dulcis (sweetalmond) oil, beeswax (ceraalba), alcohol, polyglyceryl-3 polyricinoleate, glycerin, limonene *, viola tricolor extract, hydrolyzed beeswax, sorbitan olivate, rosmarinus officinalis (rosemary) leaf extract, chamomilla recutita (matricaria) flower extract, calendula officinalis flower extract, arginine, zinc sulfate, fragrance (parfum) *, linalool *, geraniol *, citral *, coumarin * * z naturalnych olejków eterycznych."
Make Me Bio Garden Roses,"krem do cery suchej i wrażliwej, 60 g",11,49.99,71.99,/make-me-bio-krem-do-cery-suchej-i-wrazliwej-60-g-000000000000405692.html,Kojące,"Aqua ‹Woda›, Rosa Damascena ‹Róża Damasceńska› Flower Water1, Prunus Amygdalus Dulcis ‹Słodkie Migdały› Oil1, Simmondsia Chinensis ‹Jojoba› Seed Oil1, Mangifera Indica ‹Masło Mango› Seed Butter, Macadamia Ternifolia ‹Makadamia› Seed Oil1, Glyceryl Stearate, Cetearyl Glucoside, Cetyl Alcohol, Glycerin, Tocopherol ‹Witamina E›, Helianthus Annuus ‹Słonecznik› Seed Oil, Stearyl Alcohol, Benzyl Alcohol, Dehydroacetic Acid, Rosa Damascena ‹Róża Damasceńska› Flower Extract, Pelargonium Graveolens ‹Geranium› Flower Oil1, Eugenol2, Geraniol2, Citronellol2, Linalool2
1 Z upraw organicznych
2 Naturalnie występujący w olejkach eterycznych",4.8,60.0,119.98,83.32,Make Me Bio,30.559799972218354,"water ‹woda›, rosa damascena ‹róża damasceńska› flower water1, prunus amygdalus dulcis ‹słodkie migdały› oil1, simmondsia chinensis ‹jojoba› seed oil1, mangifera indica ‹masło mango› seed butter, macadamia ternifolia ‹makadamia› seed oil1, glyceryl stearate, cetearyl glucoside, cetyl alcohol, glycerin, tocopherol ‹witamina e›, helianthus annuus ‹słonecznik› seed oil, stearyl alcohol, benzyl alcohol, dehydroacetic acid, rosa damascena ‹róża damasceńska› flower extract, pelargonium graveolens ‹geranium› flower oil1, eugenol2, geraniol2, citronellol2, linalool2 
 1 z upraw organicznych 
 2 naturalnie występujący w olejkach eterycznych"
Vianek Łagodzący,"krem BB do twarzy z SPF15, 50 ml",15,35.49,41.99,/vianek-krem-bb-do-twarzy-z-spf15-50-ml-000000000000299766.html,ochrona UV,"Aqua,Caprylic/Capric Triglyceride,Vitis Vinifera Seed Oil,Zinc Oxide,Helianthus Annus Seed Oil,Titanium Dioxide,Glycerin,Sorbitan Stearate,Sucrose Cocoate,Glyceryl Stearate,CI 77492,Cetearyl Alcohol,Echinacea Purpurea Root Extract,Stearic Acid,Hydroxystearic Acid,Tocopheryl Acetate,Allantoin,Xanthan Gum,Phytic Acid,Parfum,Benzyl Alcohol,Dehydroacetic Acid,CI 77491,CI 77499,Citral,Citronellol,Geraniol,Limonene,Linalool",3.2999999999999994,50.0,83.98,70.98,Vianek,15.47987616099071,"water, caprylic,capric triglyceride, vitis vinifera seed oil, zinc oxide, helianthus annus seed oil, titanium dioxide, glycerin, sorbitan stearate, sucrose cocoate, glyceryl stearate, ci 77492,cetearyl alcohol, echinacea purpurea root extract, stearic acid, hydroxystearic acid, tocopheryl acetate, allantoin, xanthan gum, phytic acid, parfum, benzyl alcohol, dehydroacetic acid, ci 77491,ci 77499,citral, citronellol, geraniol, limonene, linalool"
Neutrogena Clear&Soothe,"krem do twarzy z kurkumą, 75 ml",19,26.99,26.99,/neutrogena-krem-do-twarzy-z-kurkuma-75-ml-000000000000386728.html,Odżywcze,"Aqua,Glycerin,Dimethicone,Curcuma Longa Extract,Zea Mays Starch,Ethylhexylglycerin,Panthenol,Caprylyl Glycol,Polyacrylamide,Cetearyl Olivate,Sorbitan Olivate,Dimethicone Crosspolymer,C13-14 Isoparaffin,Laureth-7,Carbomer,Citric Acid,Sodium Hydroxide,Tocopherol,Phenoxyethanol,Parfum,Limonene,Eugenol,Benzyl Benzoate,Geraniol,Coumarin,CI 19140,CI 15985",4.9,75.0,35.99,35.99,Neutrogena,0.0,"water, glycerin, dimethicone, curcuma longa extract, zea mays starch, ethylhexylglycerin, panthenol, caprylyl glycol, polyacrylamide, cetearyl olivate, sorbitan olivate, dimethicone crosspolymer, c13 - 14 isoparaffin, laureth-7,carbomer, citric acid, sodium hydroxide, tocopherol, phenoxyethanol, parfum, limonene, eugenol, benzyl benzoate, geraniol, coumarin, ci 19140,ci 15985"
Yoskine Japan Gold,"krem do twarzy 40+ na dzień i noc, 50 ml",6,78.99,78.99,/yoskine-krem-do-twarzy-40-na-dzien-i-noc-50-ml-000000000000386195.html,"Odżywcze,
Przeciwzmarszczkowe","Aqua, Glycerin, Hydrogenated Polydecene, Dicaprylyl Carbonate, Cetearyl Ethylhexanoate, Isopropyl Myristate, Cetearyl Alcohol, Caprylic/Capric Triglyceride, Ammonium Acryloyldimethyltaurate/VP Copolymer, Macadamia Integrifolia Seed Oil, Terminalia Ferdinandiana Fruit Extract, Sodium Hyaluronate, Hydrolyzed Candida Saitoana Extract, Inulin Lauryl Carbamate, Colloidal Gold, Acetyl Heptapeptide-9, Propanediol, Boron Nitride, Cetearyl Glucoside, Tocopherol, Xanthan Gum, Alcohol, Octadecyl Di-T-Butyl-4-Hydroxyhydrocinnamate, Sodium Hydroxide, Ethylhexylglycerin, Hydroxyacetophenone, Phenoxyethanol, Disodium EDTA, Benzyl Alcohol, Glyceryl Caprylate, Benzoic Acid, Parfum, Benzyl Salicylate, Linalool, Citronellol, Alpha-Isomethyl Ionone, Limonene, Mica, Tin Oxide, CI 77891.",5.0,50.0,157.98,157.98,Yoskine,0.0,"water, glycerin, hydrogenate polydecene, dicaprylyl carbonate, cetearyl ethylhexanoate, isopropyl myristate, cetearyl alcohol, caprylic,capric triglyceride, ammonium acryloyldimethyltaurate,vp copolymer, macadamia integrifolia seed oil, terminalia ferdinandiana fruit extract, sodium hyaluronate, hydrolyzed candida saitoana extract, inulin lauryl carbamate, colloidal gold, acetyl heptapeptide-9, propanediol, boron nitride, cetearyl glucoside, tocopherol, xanthan gum, alcohol, octadecyl di - t - butyl-4 - hydroxyhydrocinnamate, sodium hydroxide, ethylhexylglycerin, hydroxyacetophenone, phenoxyethanol, disodium edta, benzyl alcohol, glyceryl caprylate, benzoic acid, parfum, benzyl salicylate, linalool, citronellol, alpha - isomethyl ionone, limonene, mica, tin oxide, ci 77891."
Avène Cicalfate+,"regenerujący krem ochronny, 40 ml",6,49.99,49.99,/avene-regenerujacy-krem-ochronny-40-ml-000000000000371749.html,regenerujący,"Avene Thermal Spring Water (Avene Aqua), Caprylic/Capric Triglyceride, Mineral Oil (Paraffinum Liquidum), Glycerin, Hydrogenated Vegetable Oil, Zinc Oxide, Propylene Glycol, Polyglyceryl-2 Sesquiisostearate, Peg-22/Dodecyl Glycol Copolymer, Aluminum Stearate, Aquaphilus Dolomiae Ferment Filtrate, Arginine, Beeswax (Cera Alba), Copper Sulfate, Magnesium Stearate, Magnesium Sulfate, Microcrystalline Wax (Cera Microcristallina),Tromethamine, Zinc Sulfate.",4.5,40.0,124.98,124.98,Avène,0.0,"avene thermal spring water (avenewater), caprylic,capric triglyceride, mineral oil (paraffinumliquidum), glycerin, hydrogenated vegetable oil, zinc oxide, propylene glycol, polyglyceryl-2 sesquiisostearate, peg-22,dodecyl glycol copolymer, aluminum stearate, waterphilus dolomiae ferment filtrate, arginine, beeswax (ceraalba), copper sulfate, magnesium stearate, magnesium sulfate, microcrystalline wax (ceramicrocristallina),tromethamine, zinc sulfate."
Skin79 Cicapine,"regenerujący krem do twarzy, 50 ml",11,68.99,114.99,/skin79-regenerujacy-krem-do-twarzy-50-ml-000000000000384718.html,regenerujący,"Centella Asiatica Extract, Butylene Glycol, Glycerin, 1,2-Hexanediol, Caprylic/Capric Triglyceride, Niacinamide, Coco-Caprylate/Caprate, Glyceryl Stearate, Phytosteryl/Isostearyl/Cetyl/Stearyl/Behenyl Dimer Dilinoleate, Polyglyceryl-2 Stearate, Water, Arginine, Carbomer, Ammonium Acryloyldimethyltaurate/VP Copolymer, Stearyl Alcohol, Panthenol, Glyceryl Caprylate, Allantoin, Betaine, Fragrance, Polyacrylate Crosspolymer-6, Melia Azadirachta Leaf Extract, Ethylhexylglycerin, Melia Azadirachta Flower Extract, Adenosine, Coccinia Indica Fruit Extract, Glyceryl Acrylate/Acrylic Acid Copolymer, Amber Powder, Solanum Melongena (Eggplant) Fruit Extract, Curcuma Longa (Turmeric)Root Extract, Ocimum Sanctum Leaf Extract, Corallina Oficinalis Extract, Moringa Oleifera Seed Oil, Pinus Densiflora Leaf Extract, Pentylene Glycol, Madecassoside, Asiaticoside, Asiatic Acid, Madecassic Acid.",4.7,50.0,229.98,137.98,Skin79,40.00347856335334,"centella asiatica extract, butylene glycol, glycerin, 1,2 - hexanediol, caprylic,capric triglyceride, niacinamide, coco - caprylate,caprate, glyceryl stearate, phytosteryl,isostearyl,cetyl,stearyl,behenyl dimer dilinoleate, polyglyceryl-2 stearate, water, arginine, carbomer, ammonium acryloyldimethyltaurate,vp copolymer, stearyl alcohol, panthenol, glyceryl caprylate, allantoin, betaine, fragrance, polyacrylate crosspolymer-6, melia azadirachta leaf extract, ethylhexylglycerin, melia azadirachta flower extract, adenosine, coccinia indica fruit extract, glyceryl acrylate,acrylic acid copolymer, amber powder, solanum melongena (eggplant) fruit extract, curcuma longa (turmeric)root extract, ocimum sanctum leaf extract, corallina oficinalis extract, moringa oleifera seed oil, pinus densiflora leaf extract, pentylene glycol, madecassoside, asiaticoside, asiatic acid, madecassic acid."
Resibo,"lekka emulsja nawilżająco-łagodząca do twarzy, 50 ml",10,78.99,98.99,/resibo-lekka-emulsja-nawilzajaco-lagodzaca-do-twarzy-50-ml-000000000000386197.html,nawilżający,AQUA,4.8,50.0,197.98,157.98,Resibo,20.204061016264273,water
Tołpa Dermo Face Lipidro,"odżywczy krem-olejek regenerujący, bogaty, noc, 40 ml",53,43.99,43.99,/tolpa-krem-do-twarzy-40ml-000000000000286072.html,odżywczy,"Aqua, Glycerin, Butyrospermum Parkii Butter, Caprylic/Capric Triglyceride, C12-15 Alkyl Benzoate, Simmondsia Chinensis Seed Oil, Glyceryl Stearate Citrate, Cetearyl Alcohol, Peat Extract, Ceteareth-20, Hydroxyethyl Urea, Parfum, Mel Extract, Sodium Polyacrylate, Magnesium Aluminum Silicate, Carbomer, Tetrasodium EDTA, Sodium Hydroxide, Butylene Glycol, Urea, Sodium Lactate, Lysine HCI, Arginine HCI, Ornithine HCI, Methylpropanediol, Phenoxyethanol, Caprylyl Glycol, Benzoic Acid",4.8,40.0,109.98,109.98,Tołpa,0.0,"water, glycerin, butyrospermum parkii butter, caprylic,capric triglyceride, c12 - 15 alkyl benzoate, simmondsia chinensis seed oil, glyceryl stearate citrate, cetearyl alcohol, peat extract, ceteareth-20, hydroxyethyl urea, parfum, mel extract, sodium polyacrylate, magnesium aluminum silicate, carbomer, tetrasodium edta, sodium hydroxide, butylene glycol, urea, sodium lactate, lysine hci, arginine hci, ornithine hci, methylpropanediol, phenoxyethanol, caprylyl glycol, benzoic acid"
Australian Gold,"krem BB do twarzy light z SPF50, 89 ml",6,148.99,148.99,/australian-gold-krem-bb-do-twarzy-light-z-spf50-89-ml-000000000000414211.html,ochrona UV,"Cyclopentasiloxane, Water/Aqua/Eau, Glycerin, Titanium Dioxide (CI 77891), Zinc Oxide (CI 77947), Silica, Cetyl PEG/PPG-10/1 Dimethicone, Disteardimonium Hectorite, Polymethylsilsesquioxane, PEG-10 Dimethicone, Hexyl Laurate, Polyglyceryl-4 Isostearate, Eucalyptus Globulus (Eucalyptus) Leaf Extract, Porphyra Umbilicalis Extract, Dimethicone Crosspolymer, Stearic Acid, Caprylyl Glycol, Tocopheryl Acetate*, Butyrospermum Parkii (Shea) Butter, Panthenol, Squalane, Disodium EDTA, Triethoxycaprylylsilane, Alumina, Phenoxyethanol, Sodium Benzoate, Potassium Sorbate, Iron Oxides (CI 77492, CI 77491, CI 77499)
Australian Gold zawsze dba o dostęp do pełnych informacji o produkcie. Zapoznaj się z listą składników widniejącą na opakowaniu, aby uzyskać aktualne dane. Skład produktu może ulec zmianie w przyszłości.",4.8,89.0,167.4,167.4,Australian Gold,0.0,"cyclopentasiloxane, water,water,eau, glycerin, titanium dioxide (ci77891), zinc oxide (ci77947), silica, cetyl peg,ppg-10/1 dimethicone, disteardimonium hectorite, polymethylsilsesquioxane, peg-10 dimethicone, hexyl laurate, polyglyceryl-4 isostearate, eucalyptus globulus (eucalyptus) leaf extract, porphyra umbilicalis extract, dimethicone crosspolymer, stearic acid, caprylyl glycol, tocopheryl acetate *, butyrospermum parkii (shea) butter, panthenol, squalane, disodium edta, triethoxycaprylylsilane, alumina, phenoxyethanol, sodium benzoate, potassium sorbate, iron oxides ( ci 77492, ci 77491, ci 77499 ) 
 australian gold zawsze dba o dostęp do pełnych informacji o produkcie. zapoznaj się z listą składników widniejącą na opakowaniu, aby uzyskać aktualne dane. skład produktu może ulec zmianie w przyszłości."
Bandi Boost Care,"krem przeciwzmarszczkowy z kolagenem i elastyną, 50 ml",18,49.99,49.99,/bandi-krem-przeciwzmarszczkowy-z-kolagenem-i-elastyna-50-ml-000000000000301912.html,przeciwzmarszczkowy,"Aqua/Water, Ethylhexyl Stearate, Cetearyl Alcohol, C13-15 Alkane, Shea Butter Ethyl Esters, Butyrospermum Parkii (Shea) Butter, Glycerin, Propylene Glycol, Ceteareth-20, Hyaluronic Acid, Persea Gratissima (Avocado) Oil, Olea Europaea (Olive) Fruit Oil, Hydrolyzed Adansonia Digitata Seed Extract, Allantoin, Soluble Collagen, Hydrolyzed Elastin, Phytosterols, Silanetriol, Xanthan Gum, Triethanolamine, Carbomer, Butylene Glycol, Ascorbyl Palmitate, Tocopheryl Acetate, Sorbitan Oleate, Parfum/Fragrance, Benzyl Alcohol, Sorbic Acid, Citric Acid, Potassium Sorbate, Sodium Benzoate, Phenoxyethanol, Ethylhexylglycerin, Methylparaben, Propylparaben, Alpha-Isomethyl Ionone, Coumarin, Linalool",4.3,50.0,99.98,99.98,Bandi,0.0,"water,water, ethylhexyl stearate, cetearyl alcohol, c13 - 15 alkane, shea butter ethyl esters, butyrospermum parkii (shea) butter, glycerin, propylene glycol, ceteareth-20, hyaluronic acid, persea gratissima (avocado) oil, olea europaea (olive) fruit oil, hydrolyze adansonia digitata seed extract, allantoin, soluble collagen, hydrolyzed elastin, phytosterol, silanetriol, xanthan gum, triethanolamine, carbomer, butylene glycol, ascorbyl palmitate, tocopheryl acetate, sorbitan oleate, parfum,fragrance, benzyl alcohol, sorbic acid, citric acid, potassium sorbate, sodium benzoate, phenoxyethanol, ethylhexylglycerin, methylparaben, propylparaben, alpha - isomethyl ionone, coumarin, linalool"
La Roche-Posay Anthelios,"niewidoczna mgiełka do twarzy z filtrem SPF50, 75 ml",55,84.99,84.99,/la-roche-posay-mgielka-do-twarzy-75ml-000000000000311374.html,ochrona UV,"884828 7_x000D_
BUTANE_x000D_
AQUA / WATER_x000D_
HOMOSALATE_x000D_
OCTOCRYLENE_x000D_
GLYCERIN_x000D_
DIMETHICONE_x000D_
ETHYLHEXYL SALICYLATE_x000D_
DICAPRYLYL CARBONATE_x000D_
NYLON-12_x000D_
DIISOPROPYL SEBACATE_x000D_
BUTYL METHOXYDIBENZOYLMETHANE_x000D_
STYRENE/ACRYLATES COPOLYMER_x000D_
p-ANISIC ACID_x000D_
CAPRYLYL GLYCOL_x000D_
CARNOSINE_x000D_
CYCLOHEXASILOXANE_x000D_
DISODIUM EDTA_x000D_
DROMETRIZOLE TRISILOXANE_x000D_
ETHYLHEXYL TRIAZONE_x000D_
METHYL METHACRYLATE CROSSPOLYMER_x000D_
PEG-32_x000D_
PEG-8 LAURATE_x000D_
PHENOXYETHANOL_x000D_
POLY C10-30 ALKYL ACRYLATE_x000D_
POLYGLYCERYL-6 POLYRICINOLEATE_x000D_
SODIUM CHLORIDE_x000D_
SODIUM HYALURONATE_x000D_
TOCOPHEROL_x000D_
PARFUM / FRAGRANCE",4.8,75.0,113.32,113.32,La Roche-Posay,0.0,"884828 7_x000d _ 
 butane_x000d _ 
 water,water_x000d _ 
 homosalate_x000d _ 
 octocrylene_x000d _ 
 glycerin_x000d _ 
 dimethicone_x000d _ 
 ethylhexyl salicylate_x000d _ 
 dicaprylyl carbonate_x000d _ 
 nylon-12_x000d _ 
 diisopropyl sebacate_x000d _ 
 butyl methoxydibenzoylmethane_x000d _ 
 styrene,acrylate copolymer_x000d _ 
 p - anisic acid_x000d _ 
 caprylyl glycol_x000d _ 
 carnosine_x000d _ 
 cyclohexasiloxane_x000d _ 
 disodium edta_x000d _ 
 drometrizole trisiloxane_x000d _ 
 ethylhexyl triazone_x000d _ 
 methyl methacrylate crosspolymer_x000d _ 
 peg-32_x000d _ 
 peg-8 laurate_x000d _ 
 phenoxyethanol_x000d _ 
 poly c10 - 30 alkyl acrylate_x000d _ 
 polyglyceryl-6 polyricinoleate_x000d _ 
 sodium chloride_x000d _ 
 sodium hyaluronate_x000d _ 
 tocopherol_x000d _ 
 parfum,fragrance"
Q+A Ceramides,"krem do twarzy na dzień, 50 g",8,64.99,64.99,/qa-krem-do-twarzy-na-dzien-50-g-000000000000434921.html,"Kojące,
Nawilżające,
Przeciwstarzeniowe,
Rozjaśniające,
Ujędrniające","Aqua (Water), Glycerin, Cetearyl Alcohol, Glyceryl Stearate, Caprylic/Capric Triglyceride, Helianthus Annuus (Sunflower) Seed Oil, Vitis Vinifera (Grape) Seed Oil, Ananas Sativus (Pineapple) Fruit Extract, Ceramide NP, Squalane, Carbomer, Simmondsia Chinensis (Jojoba) Seed Oil, Olive Glycerides, Sodium Stearoyl Glutamate, Coco-Glucoside, Benzyl Alcohol, Coconut Alcohol, Sodium Gluconate, Cyclodextrin, Dehydroacetic Acid, Sodium Hydroxide.",4.8,50.0,129.98,129.98,Q+A,0.0,"water (water), glycerin, cetearyl alcohol, glyceryl stearate, caprylic,capric triglyceride, helianthus annuus (sunflower) seed oil, vitis vinifera (grape) seed oil, ananas sativus (pineapple) fruit extract, ceramide np, squalane, carbomer, simmondsia chinensis (jojoba) seed oil, olive glyceride, sodium stearoyl glutamate, coco - glucoside, benzyl alcohol, coconut alcohol, sodium gluconate, cyclodextrin, dehydroacetic acid, sodium hydroxide."
Yoskine Royal Bee Japan Lift,"krem do twarzy 45+ na dzień i noc, 50 ml",5,83.99,83.99,/yoskine-krem-do-twarzy-odmladzajacy-mikrolifting-50ml-000000000000322779.html,Przeciwzmarszczkowe,"Aqua, Glycerin, Propanediol, Dimethicone, Cetearyl Ethylhexanoate, Dicaprylyl Ether, Sodium Acrylates Copolymer, Cichorium Intybus Root Oligosaccharides, Pentapeptide-48, Butyrospermum Parkii Butter, Hydrolyzed Candida Saitoana Extract, Fomes Officinalis Extract, Polysilicone-11, Aminobutyric Acid, Ascorbyl Tetraisopalmitate, Lecithin, Caesalpinia Spinosa Gum, Hydrogenated Lecithin, Decyl Glucoside, Butylene Glycol, Propylene Glycol, Phenethyl Alcohol, Ethylhexylglycerin, Maltodextrin, Chlorphenesin, Phenoxyethanol, Octadecyl Di-T-Butyl-4-Hydroxyhydrocinnamate, Coumarin, Citronellol, Alpha-Isomethyl Ionone, Limonene, Linalool, Parfum, CI 15985, CI 19140.",5.0,50.0,167.98,167.98,Yoskine,0.0,"water, glycerin, propanediol, dimethicone, cetearyl ethylhexanoate, dicaprylyl ether, sodium acrylates copolymer, cichorium intybus root oligosaccharides, pentapeptide-48, butyrospermum parkii butter, hydrolyzed candida saitoana extract, fomes officinalis extract, polysilicone-11, aminobutyric acid, ascorbyl tetraisopalmitate, lecithin, caesalpinia spinosa gum, hydrogenate lecithin, decyl glucoside, butylene glycol, propylene glycol, phenethyl alcohol, ethylhexylglycerin, maltodextrin, chlorphenesin, phenoxyethanol, octadecyl di - t - butyl-4 - hydroxyhydrocinnamate, coumarin, citronellol, alpha - isomethyl ionone, limonene, linalool, parfum, ci 15985, ci 19140."
Mixa,"nawilżający krem przeciw zaczerwienieniom do twarzy, 50 ml",6,23.99,29.99,/mixa-nawilzajacy-krem-przeciw-zaczerwienieniom-do-twarzy-50-ml-000000000000372434.html,nawilżający,"880105 1 - INGREDIENTS: AQUA / WATER • GLYCERIN • PETROLATUM • PARAFFINUM LIQUIDUM / MINERAL OIL • GLYCERYL STEARATE • CETYL ALCOHOL • PEG-40 STEARATE • CERA ALBA / BEESWAX • CETYL PALMITATE • DIMETHICONE • SORBITAN TRISTEARATE • PHENOXYETHANOL • CHLORHEXIDINE DIGLUCONATE • CITRIC ACID (F.I.L. B163038/1). Listy składników dla produktów naszej marki są regularnie aktualizowane. Zapoznaj się z listą składników na opakowaniu produktu, gdzie zawsze znajduje się najbardziej aktualna lista składników, aby upewnić się, że jest ona dla Ciebie odpowiednia.",3.7,50.0,59.98,47.98,Mixa,20.00666888962988,"880105 1 - ingredient: water,water,glycerin,petrolatum,paraffinum liquidum,mineral oil,glyceryl stearate,cetyl alcohol,peg-40 stearate,cera alba,beeswax,cetyl palmitate,dimethicone,sorbitan tristearate,phenoxyethanol,chlorhexidine digluconate,citric acid (f.i.l.b163038/1). listy składników dla produktów naszej marki są regularnie aktualizowane. zapoznaj się z listą składników na opakowaniu produktu, gdzie zawsze znajduje się najbardziej aktualna lista składników, aby upewnić się, że jest ona dla ciebie odpowiednia."
Revox Just Daily Sun Shield,"krem przeciwsłoneczny do twarzy SPF50, 30 ml",1190,24.49,34.99,/revox-krem-przeciwsloneczny-do-twarzy-spf50-30-ml-000000000000387034.html,ochrona UV,"Water / Aqua, Octocrylene, Ethylhexyl Methoxycinnamate, Ethylhexyl Salicylate, Ethylhexyl Triazone, Diethylamino Hydroxybenzoyl Hexyl Benzoate, Di-C12-13 Alkyl Malate, Diisopropyl Adipate, Mineral Oil / Paraffinum Liquidum, Glycerin, Cetearyl Alcohol, Glycol Cetearate, Glyceryl Stearate, Ceteareth-20, Ceteareth-12, Cetyl Palmitate, Sodium Hyaluronate, Phenoxyethanol, Allantoin, Acrylates/C10-30 Alkyl Acrylate Crosspolymer, Triethanolamine, Fragrance / Parfum, Hexyl Cinnamal, Benzyl Salicylate, Limonene, Anise Alcohol.",4.6,30.0,116.63,81.63,Revox,30.00857387825094,"water,water, octocrylene, ethylhexyl methoxycinnamate, ethylhexyl salicylate, ethylhexyl triazone, diethylamino hydroxybenzoyl hexyl benzoate, di - c12 - 13 alkyl malate, diisopropyl adipate, mineral oil,paraffinum liquidum, glycerin, cetearyl alcohol, glycol cetearate, glyceryl stearate, ceteareth-20, ceteareth-12, cetyl palmitate, sodium hyaluronate, phenoxyethanol, allantoin, acrylates,c10 - 30 alkyl acrylate crosspolymer, triethanolamine, fragrance,parfum, hexyl cinnamal, benzyl salicylate, limonene, anise alcohol."
La Roche-Posay Redermic R,"intensywna przeciwzmarszczkowa kuracja pielęgnacyjna do twarzy, 30 ml",6,169.99,169.99,/la-roche-posay-intensywna-przeciwzmarszczkowa-kuracja-pielegnacyjna-do-twarzy-30-ml-000000000000359818.html,przeciwzmarszczkowy,AQUA /WATER • ISOSTEARYL NEOPENTANOATE • HYDROXYETHYLPIPERAZINE ETHANE SULFONIC ACID • GLYCERIN • PROPYLENE GLYCOL • OCTYLDODECANOL • PENTYLENE GLYCOL • ACRYLAMIDE/SODIUM ACRYLOYLDIMETHYLTAURATE COPOLYMER • CETEARYL ALCOHOL • POLYSORBATE 20 • 4-T-BUTYLCYCLOHEXANOL • SORBITAN OLEATE • GLYCINE SOJA OIL / SOYBEAN OIL • ISOHEXADECANE • SODIUM HYALURONATE • SODIUM HYDROXIDE • RETINOL • ADENOSINE • DISODIUM EDTA • CAPRYLYL GLYCOL • ACETYL DIPEPTIDE-1 CETYL ESTER • TOLUENE SULFONIC ACID • POLYSORBATE 80 • RETINYL PALMITATE • TOCOPHEROL • PHENOXYETHANOL • PARFUM / FRAGRANCE,4.8,30.0,566.63,566.63,La Roche-Posay,0.0,"/,isostearyl neopentanoate,hydroxyethylpiperazine ethane sulfonic acid,glycerin,propylene glycol,octyldodecanol,pentylene glycol,acrylamide,sodium acryloyldimethyltaurate copolymer,cetearyl alcohol,polysorbate 20,4 - t - butylcyclohexanol,sorbitan oleate,glycine soja oil,soybean oil,isohexadecane,sodium hyaluronate,sodium hydroxide,retinol,adenosine,disodium edta,caprylyl glycol,acetyl dipeptide-1 cetyl ester,toluene sulfonic acid,polysorbate 80,retinyl palmitate,tocopherol,phenoxyethanol,parfum,fragrance"
Palmer's,"nawilżający mus z wody kokosowej do twarzy, 50 g",7,29.99,47.99,/palmers-nawilzajacy-mus-z-wody-kokosowej-do-twarzy-50-g-000000000000412499.html,nawilżający,"Water (Aqua), Cocos Nucifera (Coconut) Fruit Extract, Cocos Nucifera (Coconut) Oil, Lauryl Olivate, Sorbitan Olivate, Glycerin, Cocos Nucifera (Coconut) Water, Sodium Hyaluronate, Tocopherol, Lactobacillus/​Papaya Fruit Ferment Extract, Gardenia Tahitensis Flower Extract, Oenothera Biennis (Evening Primrose) Flower Extract, Macadamia Ternifolia Seed Oil, Simmondsia Chinensis (Jojoba) Seed Oil, Prunus Amygdalus Dulcis (Sweet Almond) Oil, Persea Gratissima (Avocado) Oil, Tocopheryl Acetate, Leuconostoc/​Radish Root Ferment Filtrate, Ethylhexylglycerin, Tetrasodium EDTA, Sodium Hydroxide, Acrylates/​C10-30 Alkyl Acrylate Crosspolymer, Sodium Metabisulfite, Sodium Sulfite, Fragrance (Parfum), Propylene Glycol, Phenoxyethanol, Coumarin.",4.6,50.0,95.98,59.98,Palmer's,37.50781412794333,"water (water), cocos nucifera (coconut) fruit extract, cocos nucifera (coconut) oil, lauryl olivate, sorbitan olivate, glycerin, cocos nucifera (coconut) water, sodium hyaluronate, tocopherol, lactobacillus/​papaya fruit ferment extract, gardenia tahitensis flower extract, oenothera biennis (eveningprimrose) flower extract, macadamia ternifolia seed oil, simmondsia chinensis (jojoba) seed oil, prunus amygdalus dulcis (sweetalmond) oil, persea gratissima (avocado) oil, tocopheryl acetate, leuconostoc/​radish root ferment filtrate, ethylhexylglycerin, tetrasodium edta, sodium hydroxide, acrylates/​c10 - 30 alkyl acrylate crosspolymer, sodium metabisulfite, sodium sulfite, fragrance (parfum), propylene glycol, phenoxyethanol, coumarin."
Nacomi Baby,"krem na każdą pogodę SPF50, 50 ml",8,19.59,31.99,/nacomi-krem-na-kazda-pogode-spf50-50-ml-000000000000385647.html,ochrona UV,"Ingredients/Składniki (INCI): Aqua, Bis-Ethylhexyloxyphenol Methoxyphenyl Triazine, Glycerin, Butyrospermum Parkii Butter, Cetearyl Alcohol, Cetyl Alcohol, Glyceryl Stearate, Shorea Stenoptera Seed Butter, Hydrogenated Farnesene, Olea Europaea Fruit Oil, Titanium Dioxide, Persea Gratissima Oil, Stearic Acid, Acrylates/C12-22 Alkyl Methacrylate Copolymer, Niacinamide, Hydrolyzed Rice Protein, Avena Sativa Kernel Extract, Citrus Aurantium Amara Flower Extract, Jasminum Officinale Flower Extract, Lavandula Angustifolia Flower Extract, Paeonia Officinalis Flower Extract, Prunus Serrulata Flower Extract, Sambucus Nigra Flower Extract, Glycine Soja Oil, Rosa Damascena Flower Oil, Helianthus Annuus Seed Oil, Phytosterols, Sodium Lauroyl Glutamate, Disodium Lauryl Sulfosuccinate, Coco-Glucoside, Tocopheryl Acetate, Ascorbyl Palmitate, Sorbitan Oleate, Arginine, Alumina, Parfum, Citric Acid, Dehydroacetic Acid, Sodium Benzoate, Potassium Sorbate, Benzyl Alcohol.",3.4,50.0,63.98,39.18,Nacomi,38.76211316036261,"ingredient,składniki (inci): water, bis - ethylhexyloxyphenol methoxyphenyl triazine, glycerin, butyrospermum parkii butter, cetearyl alcohol, cetyl alcohol, glyceryl stearate, shorea stenoptera seed butter, hydrogenate farnesene, olea europaea fruit oil, titanium dioxide, persea gratissima oil, stearic acid, acrylates,c12 - 22 alkyl methacrylate copolymer, niacinamide, hydrolyzed rice protein, avena sativa kernel extract, citrus aurantium amara flower extract, jasminum officinale flower extract, lavandula angustifolia flower extract, paeonia officinalis flower extract, prunus serrulata flower extract, sambucus nigra flower extract, glycine soja oil, rosa damascena flower oil, helianthus annuus seed oil, phytosterol, sodium lauroyl glutamate, disodium lauryl sulfosuccinate, coco - glucoside, tocopheryl acetate, ascorbyl palmitate, sorbitan oleate, arginine, alumina, parfum, citric acid, dehydroacetic acid, sodium benzoate, potassium sorbate, benzyl alcohol."
Tołpa Dermo Men Anti Age,"krem przeciw oznakom starzenia, lekki, 40 ml",10,22.99,38.99,/tolpa-krem-przeciwzmarszczkowy-do-twarzy-dla-mezczyzn-40-40ml-000000000000268094.html,"Przeciwstarzeniowe,
Przeciwzmarszczkowe","Aqua, Coco-Caprylate, Isostearyl Lactate, Sodium Hyaluronate, Cetearyl Alcohol, Peat Extract, C12-15 Alkyl Benzoate, Propylene Glycol, Parfum, Aluminum Starch Octenylsuccinate, Ceteareth-20, Glyceryl Stearate SE, Triticum Vulgare Germ Extract, Saccharomyces Cerevisiae Extract, Argania Spinosa Kernel Extract, Gossypium Herbaceum Seed Extract, Panthenol, Magnesium Aluminum Silicate, Disodium Cocoamphodiacetate, PVP, Sodium Metabisulfite, Pantolactone, Sodium Cocoyl Glutamate, Carbomer, Acacia Senegal Gum, Xanthan Gum, Sodium Polyacrylate, Sodium Hydroxide, Disodium EDTA, Glycerin, Benzyl Alcohol, Salicylic Acid, Sorbic Acid.",4.5,40.0,97.48,57.48,Tołpa,41.036163118748405,"water, coco - caprylate, isostearyl lactate, sodium hyaluronate, cetearyl alcohol, peat extract, c12 - 15 alkyl benzoate, propylene glycol, parfum, aluminum starch octenylsuccinate, ceteareth-20, glyceryl stearate se, triticum vulgare germ extract, saccharomyce cerevisiae extract, argania spinosa kernel extract, gossypium herbaceum seed extract, panthenol, magnesium aluminum silicate, disodium cocoamphodiacetate, pvp, sodium metabisulfite, pantolactone, sodium cocoyl glutamate, carbomer, acacia senegal gum, xanthan gum, sodium polyacrylate, sodium hydroxide, disodium edta, glycerin, benzyl alcohol, salicylic acid, sorbic acid."
Bielenda Good Skin Hydra Boost,"nawilżający krem do twarzy, 50 ml",53,22.19,36.99,/bielenda-nawilzajacy-krem-do-twarzy-50-ml-000000000000387066.html,nawilżający,"Aqua (Water),Ethylhexyl Stearate,Trehalose,Theobroma Cacao (Cocoa) Seed,Butter,Glycerin,Glyceryl Stearate,Cetearyl Alcohol,C10-18 Triglycerides,Tocopheryl Acetate,Sodium Hyaluronate,Copper Tripeptide-1,Sodium Stearoyl Glutamate,Potassium Cetyl Phosphate,Ethylhexylglycerin,Phenoxyethanol,Parfum (Fragrance),Hexyl Cinnamal,Limonene,Linalool",4.6,50.0,73.98,44.38,Bielenda,40.010813733441466,"water (water),ethylhexyl stearate, trehalose, theobroma cacao (cocoa) seed, butter, glycerin, glyceryl stearate, cetearyl alcohol, c10 - 18 triglycerides, tocopheryl acetate, sodium hyaluronate, copper tripeptide-1,sodium stearoyl glutamate, potassium cetyl phosphate, ethylhexylglycerin, phenoxyethanol, parfum (fragrance),hexyl cinnamal, limonene, linalool"
Nivea Men Fresh Gel,"krem-żel do twarzy męski, 150 ml",21,24.99,33.99,/nivea-krem-zel-do-twarzy-meski-150-ml-000000000000380934.html,Nawilżające,"Aqua, Alcohol Denat., Glycerin, PEG-8, Menthol, Mentha Aquatica Extract, Distarch Phosphate, Carbomer, PEG-40 Hydrogenated Castor Oil, Acrylates/C10-30 Alkyl Acrylate Crosspolymer, Sodium Hydroxide, Sodium Sulfate, Phenoxyethanol, Linalool, Limonene, Citronellol, Alpha-Isomethyl Ionone, Parfum, CI 42090",4.3,150.0,22.66,16.66,Nivea,26.478375992939107,"water, alcohol denat., glycerin, peg-8, menthol, mentha watertica extract, distarch phosphate, carbomer, peg-40 hydrogenated castor oil, acrylates,c10 - 30 alkyl acrylate crosspolymer, sodium hydroxide, sodium sulfate, phenoxyethanol, linalool, limonene, citronellol, alpha - isomethyl ionone, parfum, ci 42090"
Miya Cosmetics MyWonderBalm,"odżywczy krem do twarzy z olejkiem z róży, 75 ml",221,32.99,32.99,/miya-cosmetics-odzywczy-krem-do-twarzy-z-olejkiem-z-rozy-75ml-000000000000294706.html,odżywczy,"Aqua*,Sesamum Indicum Seed Oil*,Decyl Oleate*,Glycerin*,Cetearyl Alcohol*,Macadamia Ternifolia Seed Oil*,Glycine Soja Oil*,Stearic Acid*,Rosa Canina Fruit Oil*,Sodium Polyacrylate,Glycine Soja Oil Unsaponifiables*,Helianthus Annuus Seed Oil*,Plankton Extract,Ascophyllum Nodosum Extract*,Fucus Vesiculosus Extract*,Crithmum Maritimum Extract*,Laminaria Hyperborea Extract*,Laminaria Digitata Extract*,Tocopheryl Acetate,Tocopherol*,Hydrogenated Palm Glycerides Citrate*,Palmitic Acid*,Ascorbyl Palmitate,Xanthan Gum*,Phenoxyethanol,Ethylhexylglycerin,Triethanolamine,Sodium Phytate*,Alcohol*,Parfum,Citronellol,Geraniol,*składnik pochodzenia naturalnego",4.200000000000001,75.0,43.99,43.99,Miya Cosmetics,0.0,"water*,sesamum indicum seed oil*,decyl oleate*,glycerin*,cetearyl alcohol*,macadamia ternifolia seed oil*,glycine soja oil*,stearic acid*,rosa canina fruit oil*,sodium polyacrylate, glycine soja oil unsaponifiables*,helianthus annuus seed oil*,plankton extract, ascophyllum nodosum extract*,fucus vesiculosus extract*,crithmum maritimum extract*,laminaria hyperborea extract*,laminaria digitata extract*,tocopheryl acetate, tocopherol*,hydrogenate palm glycerides citrate*,palmitic acid*,ascorbyl palmitate, xanthan gum*,phenoxyethanol, ethylhexylglycerin, triethanolamine, sodium phytate*,alcohol*,parfum, citronellol, geraniol,*składnik pochodzenia naturalnego"
Redblocker,"koncentrat naprawczy do twarzy, 30 ml",13,29.99,43.99,/redblocker-koncentrat-naprawczy-do-twarzy-30-ml-000000000000373430.html,Regenerujące,"Aqua,Vitis Vinifera Seed Oil,Dicaprylyl Carbonate,Isoamyl Laurate,Glycerin/Lilium Candidum Bulb Extract,Sodium Hyaluronate,Methylpropanediol/Caprylyl Glycol/Phenylpropanol,Glycerin/Malpighia Glabra Fruit Extract,C13-15 Alkane,Troxerutin,Cocoglycerides,Sodium Chloride,Tocopheryl Acetate,Hydroxyethylcellulose,Parfum",4.1,30.0,146.63,99.97,Redblocker,31.82541486701524,"water, vitis vinifera seed oil, dicaprylyl carbonate, isoamyl laurate, glycerin,lilium candidum bulb extract, sodium hyaluronate, methylpropanediol,caprylyl glycol,phenylpropanol, glycerin,malpighia glabra fruit extract, c13 - 15 alkane, troxerutin, cocoglycerides, sodium chloride, tocopheryl acetate, hydroxyethylcellulose, parfum"
Redblocker,"krem do twarzy do skóry naczynkowej na noc, 50 ml",8,29.39,41.99,/redblocker-krem-do-twarzy-do-skory-naczynkowej-na-noc-50ml-000000000000264642.html,Nawilżające,"Aqua,Glycerin,Cetearyl Ethylhexanoate,Propylene Glycol,Butyrospermum Parkii Butter,Octyldodecanol,Methylpropanediol,Cetyl Alcohol,Glyceryl Stearate Citrate,Glyceryl Stearate,Caprylic/Capric Triglyceride,Ruscus Aculeatus Root Extract,Aesculus Hippocastanum Seed Extract,Decyl Glucoside,Ginkgo Biloba Leaf Extract,Vaccinium Macrocarpon Fruit Extract,Spilanthes Acmella Flower Extract,Caprylyl Glycol,Tocopherol,Phenylpropanol,Acrylates/C10-30 Alkyl Acrylate Crosspolymer,Sodium Acrylate/Sodium Acryloyldimethy Taurate Copolymer,Hydrogenated Polydecene,Laureth-7,Disodium EDTA,Lactic Acid,BHA,Sodium Hydroxide,Parfum,Limonene,Linalool,Alpha-Isomethyl Ionone",4.0,50.0,83.98,58.78,Redblocker,30.00714455822815,"water, glycerin, cetearyl ethylhexanoate, propylene glycol, butyrospermum parkii butter, octyldodecanol, methylpropanediol, cetyl alcohol, glyceryl stearate citrate, glyceryl stearate, caprylic,capric triglyceride, ruscus aculeatus root extract, aesculus hippocastanum seed extract, decyl glucoside, ginkgo biloba leaf extract, vaccinium macrocarpon fruit extract, spilanthes acmella flower extract, caprylyl glycol, tocopherol, phenylpropanol, acrylates,c10 - 30 alkyl acrylate crosspolymer, sodium acrylate,sodium acryloyldimethy taurate copolymer, hydrogenated polydecene, laureth-7,disodium edta, lactic acid, bha, sodium hydroxide, parfum, limonene, linalool, alpha - isomethyl ionone"
Beauty Of Joseon,"przeciwsłoneczny krem z SPF50+ do twarzy, 50 ml",6,96.99,96.99,/beauty-of-joseon-przeciwsloneczny-krem-z-spf50-do-twarzy-50-ml-000000000000453981.html,ochrona UV,"Water, Oryza Sativa (Rice) Extract (30%), Dibutyl Adipate, Propanediol, Diethylamino Hydroxybenzoyl Hexyl Benzoate, Polymethylsilsesquioxane, Ethylhexyl Triazone, Niacinamide, Methylene Bis-benzotriazolyl Tetramethylbutylphenol, Coco-caprylate/Caprate, Caprylyl Methicone, Diethylhexyl Butamido Triazone, Glycerin, Butylene Glycol, Oryza Sativa (Rice) Germ Extract, Camellia Sinensis Leaf Extract, Lactobacillus/Pumpkin Ferment Extract, Bacillus/Soybean Ferment Extract, Saccharum Officinarum (Sugarcane) Extract, Macrocystis Pyrifera (Kelp) Extract, Cocos Nucifera (Coconut) Fruit Extract, Panax Ginseng Root Extract, Camellia Sinensis Leaf Extract, Monascus/Rice Ferment, Pentylene Glycol, Behenyl Alcohol, Poly C10-30 Alkyl Acrylate, Polyglyceryl-3 Methylglucose Distearate, Decyl Glucoside, Tromethamine, Carbomer, Acrylates/C10-30 Alkyl Acrylate Crosspolymer, 1,2-Hexanediol,Sodium Stearoyl Glutamate, Polyacrylate Crosspolymer-6, Ethylhexylglycerin, Adenosine, Xanthan Gum, Tocopherol, Lactobacillus/Rice Ferment, Aspergillus Ferment, Saccharomyces/Rice Ferment Filtrate",5.0,50.0,193.98,193.98,Beauty Of Joseon,0.0,"water, oryza sativa (rice) extract (30%), dibutyl adipate, propanediol, diethylamino hydroxybenzoyl hexyl benzoate, polymethylsilsesquioxane, ethylhexyl triazone, niacinamide, methylene bis - benzotriazolyl tetramethylbutylphenol, coco - caprylate,caprate, caprylyl methicone, diethylhexyl butamido triazone, glycerin, butylene glycol, oryza sativa (rice) germ extract, camellia sinensis leaf extract, lactobacillus,pumpkin ferment extract, bacillus,soybean ferment extract, saccharum officinarum (sugarcane) extract, macrocystis pyrifera (kelp) extract, cocos nucifera (coconut) fruit extract, panax ginseng root extract, camellia sinensis leaf extract, monascus,rice ferment, pentylene glycol, behenyl alcohol, poly c10 - 30 alkyl acrylate, polyglyceryl-3 methylglucose distearate, decyl glucoside, tromethamine, carbomer, acrylates,c10 - 30 alkyl acrylate crosspolymer, 1,2 - hexanediol, sodium stearoyl glutamate, polyacrylate crosspolymer-6, ethylhexylglycerin, adenosine, xanthan gum, tocopherol, lactobacillus,rice ferment, aspergillus ferment, saccharomyce,rice ferment filtrate"
Ziaja Witamina C.B3,"krem do twarzy na przebudzenie, 50 ml",13,12.29,12.29,/ziaja-krem-do-twarzy-na-przebudzenie-50-ml-000000000000438360.html,Rozjaśniające,"Aqua (Water), Octyldodecanol, Coco-Caprylate/Caprate, Glyceryl Stearate, PEG-100 Stearate, Cetyl Alcohol, Dimethicone, Propylene Glycol, Butyrospermum Parkii (Shea) Butter, Hydrolyzed Rice Protein, Niacinamide, Calcium Pantothenate, Sodium Ascorbyl Phosphate, Tocopheryl Acetate, Pyridoxine HCl, Maltodextrin, Sodium Starch Octenylsuccinate, Silica, Camellia Japonica Seed Oil, Carbomer, Disodium EDTA, Phenoxyethanol, Hydroxyacetophenone, Parfum (Fragrance), Linalool, Geraniol, Limonene, Sodium Hydroxide.",5.0,50.0,24.58,24.58,Ziaja,0.0,"water (water), octyldodecanol, coco - caprylate,caprate, glyceryl stearate, peg-100 stearate, cetyl alcohol, dimethicone, propylene glycol, butyrospermum parkii (shea) butter, hydrolyzed rice protein, niacinamide, calcium pantothenate, sodium ascorbyl phosphate, tocopheryl acetate, pyridoxine hcl, maltodextrin, sodium starch octenylsuccinate, silica, camellia japonica seed oil, carbomer, disodium edta, phenoxyethanol, hydroxyacetophenone, parfum (fragrance), linalool, geraniol, limonene, sodium hydroxide."
Feel Free,"krem booster z witaminą c i kwasem hialuronowym do twarzy, 50 ml",24,27.99,39.99,/feel-free-krem-booster-z-witamina-c-i-kwasem-hialuronowym-do-twarzy-50-ml-000000000000384962.html,Nawilżające,"Aqua (Water), Aloe barbadensis Leaf Juice*, Ascorbic Acid, Glycerin, Isoamyl Cocoate, Pentylene Glycol, Polyglyceryl-3 Dicitrate/Stearate, Olea Europaea (Olive) Fruit Oil*, Coco-Caprylate/Caprate, Caprylic/Capric Triglyceride, Argania Spinosa Kernel Oil*, Stearyl Alcohol, Hydrolyzed Hyaluronic Acid, Sodium Hyaluronate, Punica Granatum Fruit Extract, Ficus Carica Fruit Extract, Morus Alba Fruit Extract, Ginkgo Biloba Nut Extract, Caesalpinia Spinosa Fruit Extract, Kappaphycus Alvarezii Extract, Punica Granatum Seed Oil*, Simmondsia Chinensis (Jojoba) Seed Oil*, Glyceryl Stearate, Xanthan Gum, Tocopherol, Beta-Sitosterol, Squalene, Propanediol, Sodium Phytate, Benzyl Alcohol, Dehydroacetic Acid, Sodium Hydroxide.
* Składniki pochodzące z upraw ekologicznych.
** Zapach pochodzenia naturalnego.
Ogółem 99,5% pochodzenia naturalnego.
10,25% wszystkich składników pochodzi z upraw ekologicznych.",4.3,50.0,79.98,55.98,Feel Free,30.007501875468872,"water (water), aloe barbadensis leaf juice *, ascorbic acid, glycerin, isoamyl cocoate, pentylene glycol, polyglyceryl-3 dicitrate,stearate, olea europaea (olive) fruit oil *, coco - caprylate,caprate, caprylic,capric triglyceride, argania spinosa kernel oil *, stearyl alcohol, hydrolyzed hyaluronic acid, sodium hyaluronate, punica granatum fruit extract, ficus carica fruit extract, morus alba fruit extract, ginkgo biloba nut extract, caesalpinia spinosa fruit extract, kappaphycus alvarezii extract, punica granatum seed oil *, simmondsia chinensis (jojoba) seed oil *, glyceryl stearate, xanthan gum, tocopherol, beta - sitosterol, squalene, propanediol, sodium phytate, benzyl alcohol, dehydroacetic acid, sodium hydroxide. 
 * składniki pochodzące z upraw ekologicznych. 
 * * zapach pochodzenia naturalnego. 
 ogółem 99,5 % pochodzenia naturalnego. 
 10,25 % wszystkich składników pochodzi z upraw ekologicznych."
Uzdrovisco,"bezolejowy krem wygładzający do twarzy, 50 ml",5,32.39,53.99,/uzdrovisco-bezolejowy-krem-wygladzajacy-do-twarzy-50-ml-000000000000429401.html,Wygładzające,"Aqua, Glycerin, Polyglyceryl-3 Methylglucose Distearate, Propanediol, Ethylhexyl Pelargonate, Squalane, Tripelargonin, Dicaprylyl Carbonate, Myristyl Myristate, Retinal, Ceramide NP, Xanthophylls, Tocopherol, Xanthan Gum, Betaine, Cetearyl Alcohol, Glyceryl Stearate, Lysolecithin, Sclerotium Gum, Zea Mays Starch, Pullulan, Echinacea Pallida Extract, Silica, Tetrasodium Glutamate Diacetate, Citric Acid, Benzyl Alcohol, Dehydroacetic Acid, Parfum",5.0,50.0,107.98,64.78,Uzdrovisco,40.0074087794036,"water, glycerin, polyglyceryl-3 methylglucose distearate, propanediol, ethylhexyl pelargonate, squalane, tripelargonin, dicaprylyl carbonate, myristyl myristate, retinal, ceramide np, xanthophyll, tocopherol, xanthan gum, betaine, cetearyl alcohol, glyceryl stearate, lysolecithin, sclerotium gum, zea mays starch, pullulan, echinacea pallida extract, silica, tetrasodium glutamate diacetate, citric acid, benzyl alcohol, dehydroacetic acid, parfum"
AA Aloes Pink,"nawilżający krem do twarzy na dzień, 50 ml",10,23.99,23.99,/aa-nawilzajacy-krem-do-twarzy-na-dzien-50-ml-000000000000415186.html,nawilżający,"Aqua,Glycerin,Betaine,Dimethicone,Isopropyl Palmitate,Xylitylglucoside,Aloe Vera Leaf Extract,Trehalose,Pentylene Glycol,Sodium Hyaluronate,Glucose,Hydrolyzed Caesalpinia Spinosa Gum,Caesalpinia Spinosa Gum,Propanediol,Alpha-Glucan Oligosaccharide,Panthenol,Fructose,Urea,Maltose,Allantoin,Sodium PCA,Anhydroxylitol,Xylitol,Hydroxyethyl Acrylate/Sodium Acryloyldimethyl Taurate Copolymer,Carbomer,Dimethicone Crosspolymer,Sodium Benzotriazolyl Butylphenol Sulfonate,Buteth-3,Tributyl Citrate,Tocopheryl Acetate,Sodium Lactate,Triethanolamine,Sodium Chloride,Sodium Hydroxide,Citric Acid,Parfum,Synthetic Fluorphlogopite,Mica,Phenoxyethanol,Potassium Sorbate,Ethylhexylglycerin,CI 77491,CI 77891,CI 77510",3.5,50.0,47.98,47.98,AA,0.0,"water, glycerin, betaine, dimethicone, isopropyl palmitate, xylitylglucoside, aloe vera leaf extract, trehalose, pentylene glycol, sodium hyaluronate, glucose, hydrolyzed caesalpinia spinosa gum, caesalpinia spinosa gum, propanediol, alpha - glucan oligosaccharide, panthenol, fructose, urea, maltose, allantoin, sodium pca, anhydroxylitol, xylitol, hydroxyethyl acrylate,sodium acryloyldimethyl taurate copolymer, carbomer, dimethicone crosspolymer, sodium benzotriazolyl butylphenol sulfonate, buteth-3,tributyl citrate, tocopheryl acetate, sodium lactate, triethanolamine, sodium chloride, sodium hydroxide, citric acid, parfum, synthetic fluorphlogopite, mica, phenoxyethanol, potassium sorbate, ethylhexylglycerin, ci 77491,ci 77891,ci 77510"
Sensilis Pure Perfection,"krem do twarzy zapobiegający starzeniu się skóry, 50 ml",5,157.99,157.99,/sensilis-krem-do-twarzy-zapobiegajacy-starzeniu-sie-skory-50ml-000000000000281192.html,"Przeciwzmarszczkowe,
Ujędrniające","Składniki aktywne: krzemionka, Nutelline, laricyl z wyciągu z grzyba Fomes officinalis, wyciąg z lnu, ekstrakt z czerwonych alg, sól cynkowa kwasu piroglutaminowego PCA, witamina E",4.8,50.0,315.98,315.98,Sensilis,0.0,"składniki aktywne: krzemionka, nutelline, laricyl z wyciągu z grzyba fome officinalis, wyciąg z lnu, ekstrakt z czerwonych alg, sól cynkowa kwasu piroglutaminowego pca, witamina e"
Bielenda Professional Acid Fusion,"zaawansowany krem do twarzy korygujący niedoskonałości, 50 ml",16,69.99,69.99,/bielenda-professional-zaawansowany-krem-do-twarzy-50ml-000000000000301879.html,Nawilżające,"Aqua (Water),Squalane,Propylene Glycol,Glyceryl Stearate,Cetearyl Alcohol,Ceteareth-20,Azelaic Acid,Triethylhexanoin,Isododecane,Hydrogenated Tetradecenyl / Methylpentadecene,Glycerin,Mandelic Acid,Panthenol,Salicylic Acid,Allantoin,Dimethicone,Dimethicone Crosspolymer,Carbomer,Nylon 6/12,Polyacrylamide,C13-14 Isoparaffin,Laureth-7,Potassium Hydroxide,Methylparaben,Citrus Aurantium Dulcis (Orange) Peel Oil Expressed,Parfum (Fragrance),Citronellol,Hexyl Cinnamal,Limonene,Linalool",4.7,50.0,139.98,139.98,Bielenda,0.0,"water (water),squalane, propylene glycol, glyceryl stearate, cetearyl alcohol, ceteareth-20,azelaic acid, triethylhexanoin, isododecane, hydrogenated tetradecenyl,methylpentadecene, glycerin, mandelic acid, panthenol, salicylic acid, allantoin, dimethicone, dimethicone crosspolymer, carbomer, nylon 6/12,polyacrylamide, c13 - 14 isoparaffin, laureth-7,potassium hydroxide, methylparaben, citrus aurantium dulcis (orange) peel oil expressed, parfum (fragrance),citronellol, hexyl cinnamal, limonene, linalool"
Benton Snail Bee,"nawilżający krem ujędrniający do twarzy, 50 g",10,114.99,114.99,/benton-nawilzajacy-krem-ujedrniajacy-do-twarzy-50-g-000000000000300039.html,ujędrniający,"Aqua (Water),Butylene Glycol,Snail Secretion Filtrate,Glycerin,Cetyl Ethylhexanoate,Niacinamide,Behenyl Alcohol,1,2-Hexanediol,Cetearyl Olivate,Palmitic Acid,Sorbitan Olivate,Simmondsia Chinensis (Jojoba) Seed Oil,Helianthus Annuus (Sunflower) Seed Oil,Carthamus Tinctorius (Safflower) Seed Oil,Argania Spinosa Kernel Oil,Sodium Hyaluronate,Plantago Asiatica Extract,Diospyros Kaki Leaf Extract,Salix Alba (Willow) Bark Extract,Ulmus Campestris (Elm) Bark Extract,Laminaria Digitata Extract,sh-Oligopeptide-1,Glyceryl Stearate,Stearic Acid,Lauric Acid,Myristic Acid,Carbomer,Urea,Arginine,Adenosine,Bee Venom,Pentylene Glycol,Zanthoxylum Piperitum Fruit Extract,Pulsatilla Koreana Extract,Usnea Barbata (Lichen) Extract,Polysorbate 20,Lecithin",5.0,50.0,229.98,229.98,Benton,0.0,"water (water),butylene glycol, snail secretion filtrate, glycerin, cetyl ethylhexanoate, niacinamide, behenyl alcohol,1,2 - hexanediol, cetearyl olivate, palmitic acid, sorbitan olivate, simmondsia chinensis (jojoba) seed oil, helianthus annuus (sunflower) seed oil, carthamus tinctorius (safflower) seed oil, argania spinosa kernel oil, sodium hyaluronate, plantago asiatica extract, diospyros kaki leaf extract, salix alba (willow) bark extract, ulmus campestris (elm) bark extract, laminaria digitata extract, sh - oligopeptide-1,glyceryl stearate, stearic acid, lauric acid, myristic acid, carbomer, urea, arginine, adenosine, bee venom, pentylene glycol, zanthoxylum piperitum fruit extract, pulsatilla koreana extract, usnea barbata (lichen) extract, polysorbate 20,lecithin"
Solverx Sensitive,"krem do twarzy SPF50+, 50 ml",275,37.99,37.99,/solverx-krem-do-twarzy-spf50-50-ml-000000000000407912.html,ochrona UV,"Aqua, Octocrylene, C 12-15 Alkyl Benzoate, Acrylates Copolymer, Butyl Methoxydibenzoylmethane, Ethylhexyl Salicylate, Glycerin, Phenylbenzimidazole Sulfonic Acid, VP/Hexadecene Copolymer, Ethyl Alcohol, Inulin, Alpha-glucan oligosaccharide, Paeonia Lactiflora Root Extract,Trehalose,Tocopheryl Acetate, Dimethicone, Triethanolamine, Phenoxyethanol, Ethylhexylglycerin, Potassium Sorbate, Sodium Benzoate, Parfum.",3.8,50.0,75.98,75.98,Solverx,0.0,"water, octocrylene, c 12 - 15 alkyl benzoate, acrylate copolymer, butyl methoxydibenzoylmethane, ethylhexyl salicylate, glycerin, phenylbenzimidazole sulfonic acid, vp,hexadecene copolymer, ethyl alcohol, inulin, alpha - glucan oligosaccharide, paeonia lactiflora root extract, trehalose, tocopheryl acetate, dimethicone, triethanolamine, phenoxyethanol, ethylhexylglycerin, potassium sorbate, sodium benzoate, parfum."
Yoskine Okinawa Green Caviar,"krem do twarzy 70+ na dzień i noc, 50 ml",5,59.99,59.99,/yoskine-krem-do-twarzy-70-na-dzien-i-noc-50-ml-000000000000372718.html,"Odżywcze,
Przeciwzmarszczkowe","Aqua, Hydrogenated Polydecene, Caprylic/Capric Triglyceride, Cetearyl Alcohol, Glycerin, Cetearyl Ethylhexanoate, Triolein, Propanediol, Pentylene Glycol, Ammonium Acryloyldimethyltaurate/VP Copolymer, Isostearyl Hydroxystearate, Camellia Japonica Seed Oil, Hydrolyzed Candida Saitoana Extract, Caulerpa Lentillifera Extract, Glyceryl Dioleate, Palmitoyl Tripeptide-1, Cetearyl Glucoside, Caesalpinia Spinosa Gum, Butyrospermum Parkii Butter, Butylene Glycol, Palmitoyl Tetrapeptide-7, Gluconolactone, Sodium Lactate, Cichorium Intybus Root Oligosaccharides, Carbomer, Polysorbate 20, Chlorphenesin, Disodium EDTA, Sodium Benzoate, Citric Acid, Calcium Gluconate, Ethylhexylglycerin, Phenoxyethanol, Propylene Glycol, Hydroxyacetophenone, Octadecyl Di-T-Butyl-4-Hydroxyhydrocinnamate, Limonene, Linalool, Coumarin, Citral, Parfum, CI 19140, CI 42090.",5.0,50.0,119.98,119.98,Yoskine,0.0,"water, hydrogenate polydecene, caprylic,capric triglyceride, cetearyl alcohol, glycerin, cetearyl ethylhexanoate, triolein, propanediol, pentylene glycol, ammonium acryloyldimethyltaurate,vp copolymer, isostearyl hydroxystearate, camellia japonica seed oil, hydrolyzed candida saitoana extract, caulerpa lentillifera extract, glyceryl dioleate, palmitoyl tripeptide-1, cetearyl glucoside, caesalpinia spinosa gum, butyrospermum parkii butter, butylene glycol, palmitoyl tetrapeptide-7, gluconolactone, sodium lactate, cichorium intybus root oligosaccharides, carbomer, polysorbate 20, chlorphenesin, disodium edta, sodium benzoate, citric acid, calcium gluconate, ethylhexylglycerin, phenoxyethanol, propylene glycol, hydroxyacetophenone, octadecyl di - t - butyl-4 - hydroxyhydrocinnamate, limonene, linalool, coumarin, citral, parfum, ci 19140, ci 42090."
Tołpa Green Men,"przeciwzmarszczkowy krem łagodzący, 40 ml",5,21.99,21.99,/tolpa-przeciwzmarszczkowy-krem-lagodzacy-40-ml-000000000000278340.html,przeciwzmarszczkowy,"Aqua, Glycerin, Coco-Caprylate, Peat Extract, Cetyl Alcohol, Glyceryl Stearate Citrate, Parfum, Aluminum Starch Octenylsuccinate, Cymbopogon Citratus Extract, Centella Asiatica Extract, Panax Ginseng Root Extract, Menyanthes Trifoliata Leaf Extract, Citrus Aurantium Dulcis Callus Culture Extract, Propylene Glycol, Hydroxyethyl Acrylate/Sodium Acryloyldimethyl Taurate Copolymer, Acrylates/C10-30 Alkyl Acrylate Crosspolymer, Disodium EDTA, Tocopherol, Sodium Hydroxide, Xanthan Gum, Polysorbate 60, Sorbitan Isostearate, Gluconolactone, Calcium Gluconate, Methylpropanediol, Phenethyl Alcohol, Phenoxyethanol, Caprylyl Glycol, Benzoic Acid, Sodium Benzoate, Potassium Sorbate.",4.7,40.0,54.97,54.97,Tołpa,0.0,"water, glycerin, coco - caprylate, peat extract, cetyl alcohol, glyceryl stearate citrate, parfum, aluminum starch octenylsuccinate, cymbopogon citratus extract, centella asiatica extract, panax ginseng root extract, menyanthes trifoliata leaf extract, citrus aurantium dulcis callus culture extract, propylene glycol, hydroxyethyl acrylate,sodium acryloyldimethyl taurate copolymer, acrylates,c10 - 30 alkyl acrylate crosspolymer, disodium edta, tocopherol, sodium hydroxide, xanthan gum, polysorbate 60, sorbitan isostearate, gluconolactone, calcium gluconate, methylpropanediol, phenethyl alcohol, phenoxyethanol, caprylyl glycol, benzoic acid, sodium benzoate, potassium sorbate."
Orientana Natural Suncare,"krem do twarzy SPF50+, 50 ml",5,55.99,79.99,/orientana-krem-do-twarzy-spf50-50-ml-000000000000423002.html,ochrona UV,"INCI: Aqua, Caprylic/Capric Triglyceride, Titanium Dioxide, Isoamyl Laurate, Phenylbenzimidazole Sulfonic Acid, Propanediol, Glycerin, Diethylamino Hydroxybenzoyl Hexyl Benzoate, Cananga Odorata Flower Water, Cetyl Esters, Cetearyl Alcohol, Bis-Ethylhexyloxyphenol Methoxyphenyl Triazine, Ethylhexyl Triazone, Helianthus Annuus Seed Oil, Cannabis Sativa Seed Oil, Hydrogenated Vegetable Oil, Panax Ginseng Root Extract, Euphorbia Cerifera Cera, Schisandra Chinensis Fruit Extract, Lauryl Glucoside, Citrus Japonica Fruit Extract, Polyglyceryl-6 Laurate, Tocopherol, Stearic Acid, Acacia Senegal Gum, Myristyl Glucoside, Xanthan Gum, Sodium Stearoyl Glutamate, Phenethyl Alcohol, Sodium Potassium Aluminum Silicate, Silica, Ethylhexylglycerin, Tetrasodium Glutamate Diacetate, Polyhydroxystearic Acid, Alumina, Sodium Benzoate, Potassium Sorbate, Citric Acid, Sodium Hydroxide, Parfum, CI 77891.",4.0,50.0,159.98,111.98,Orientana,30.003750468808594,"inci: water, caprylic,capric triglyceride, titanium dioxide, isoamyl laurate, phenylbenzimidazole sulfonic acid, propanediol, glycerin, diethylamino hydroxybenzoyl hexyl benzoate, cananga odorata flower water, cetyl esters, cetearyl alcohol, bis - ethylhexyloxyphenol methoxyphenyl triazine, ethylhexyl triazone, helianthus annuus seed oil, cannabis sativa seed oil, hydrogenated vegetable oil, panax ginseng root extract, euphorbia cerifera cera, schisandra chinensis fruit extract, lauryl glucoside, citrus japonica fruit extract, polyglyceryl-6 laurate, tocopherol, stearic acid, acacia senegal gum, myristyl glucoside, xanthan gum, sodium stearoyl glutamate, phenethyl alcohol, sodium potassium aluminum silicate, silica, ethylhexylglycerin, tetrasodium glutamate diacetate, polyhydroxystearic acid, alumina, sodium benzoate, potassium sorbate, citric acid, sodium hydroxide, parfum, ci 77891."
Bielenda Professional S.O.S,"wzmacniający krem do skóry naczynkowej z rutyną i witaminą C, 50 ml",8,48.99,48.99,/bielenda-professional-krem-do-skory-naczynkowej-50ml-000000000000301880.html,Nawilżające,"Aqua (Water),Ethylhexyl Methoxycinnamate,Cetearyl Alcohol,Glyceryl Stearate,PEG-100 Stearate,Glycerin,Cetyl Palmitate,Caprylic/Capric Triglyceride,Aluminum Starch Octenylsuccinate,Octocrylene,Propylene Glycol,Ascorbyl Glucoside,Troxerutin,Niacinamide,Coco-Caprylate/Caprate,Ginkgo Biloba Leaf Extract,Aesculus Hippocastanum (Horse Chestnut) Seed Extract,Citrus Aurantifolia (Lime) Fruit Extract,Dipropylene Glycol,Boswellia Serrata Gum,Tocopheryl Acetate,Ammonium Acryloyldimethyltaurate/VP Copolymer,Dimethicone,Butyl Methoxydibenzoylmethane,Potassium Hydroxide,Disodium EDTA,Methylparaben,DMDM Hydantoin,Ethylparaben,Parfum (Fragrance),Citronellol,Geraniol,Linalool,BHT",4.6,50.0,97.98,97.98,Bielenda,0.0,"water (water),ethylhexyl methoxycinnamate, cetearyl alcohol, glyceryl stearate, peg-100 stearate, glycerin, cetyl palmitate, caprylic,capric triglyceride, aluminum starch octenylsuccinate, octocrylene, propylene glycol, ascorbyl glucoside, troxerutin, niacinamide, coco - caprylate,caprate, ginkgo biloba leaf extract, aesculus hippocastanum (horsechestnut) seed extract, citrus aurantifolia (lime) fruit extract, dipropylene glycol, boswellia serrata gum, tocopheryl acetate, ammonium acryloyldimethyltaurate,vp copolymer, dimethicone, butyl methoxydibenzoylmethane, potassium hydroxide, disodium edta, methylparaben, dmdm hydantoin, ethylparaben, parfum (fragrance),citronellol, geraniol, linalool, bht"
Bioderma Atoderm Nutritive,"krem odżywczy, 40 ml",19,54.99,54.99,/bioderma-krem-odzywczy--40-ml-000000000000225345.html,odżywczy,"Aqua/Water/Eau, Glycerin, Paraffinum Liquidum / Mineral Oil / Huile Minerale, Butyrospermum Parkii (Shea) Butter, Cetearyl Alcohol, Hydroxyethyl Acrylate/Sodium Acryloyldimethyl Taurate Copolymer, Caprylic/Capric Triglyceride, Cetyl Palmitate, Pentylene Glycol, Squalane, Glyceryl Stearate, Peg-100 Stearate, Cera Microcristallina / Microcrystalline Wax / Cire Microcristalline, 1,2-Hexanediol, Caprylyl Glycol, Cetearyl Glucoside, Acrylates/C10-30 Alkyl Acrylate Crosspolymer, Disodium Edta, Paraffin, Glycine Soja (Soybean) Oil, Glycine Soja (Soybean) Sterols, Polysorbate 60, Mannitol, Xylitol, Hexyl Laurate, Rhamnose, Sorbitan Isostearate, Persea Gratissima (Avocado) Oil, Glyceryl Polyacrylate, Sodium Hydroxide, Ascorbyl Palmitate, Hydrogenated Palm Glycerides Citrate, Tocopherol, Fructooligosaccharides, Bht, Laminaria Ochroleuca Extract, Citric Acid. [Bi 587]",4.9,40.0,137.48,137.48,Bioderma,0.0,"water,water,eau, glycerin, paraffinum liquidum,mineral oil,huile minerale, butyrospermum parkii (shea) butter, cetearyl alcohol, hydroxyethyl acrylate,sodium acryloyldimethyl taurate copolymer, caprylic,capric triglyceride, cetyl palmitate, pentylene glycol, squalane, glyceryl stearate, peg-100 stearate, cera microcristallina,microcrystalline wax,cire microcristalline, 1,2 - hexanediol, caprylyl glycol, cetearyl glucoside, acrylates,c10 - 30 alkyl acrylate crosspolymer, disodium edta, paraffin, glycine soja (soybean) oil, glycine soja (soybean) sterol, polysorbate 60, mannitol, xylitol, hexyl laurate, rhamnose, sorbitan isostearate, persea gratissima (avocado) oil, glyceryl polyacrylate, sodium hydroxide, ascorbyl palmitate, hydrogenated palm glycerides citrate, tocopherol, fructooligosaccharide, bht, laminaria ochroleuca extract, citric acid., bi 587 ]"
beBIO Ewa Chodakowska,"odżywczy krem do twarzy na dzień, 50 ml",19,43.99,43.99,/bebio-odzywczy-krem-do-twarzy-na-dzien-50-ml-000000000000401428.html,odżywczy,"Aqua,Isoamyl Laurate,Caprylic/Capric Triglyceride,Glycerin,Glyceryl Stearate Citrate,Glyceryl Stearate,Mangifera Indica Seed Butter,Olea Europaea Fruit Oil,Sodium Hyaluronate,Opuntia Ficus-Indica Stem Extract,Cetearyl Alcohol,Aloe Barbadensis Leaf Juice,Hordeum Vulgare Leaf Juice,Tocopherol,Helianthus Annuus Seed Oil,Xanthan Gum,Pentylene Glycol,Sodium PCA,Glyceryl Caprylate,Sodium Phytate,Citric Acid,Sodium Hydroxide,Triethyl Citrate,Caprylyl Glycol,Disodium Phosphate,Sodium Benzoate,Potassium Sorbate,Benzoic Acid,Parfum",4.7,50.0,87.98,87.98,beBIO,0.0,"water, isoamyl laurate, caprylic,capric triglyceride, glycerin, glyceryl stearate citrate, glyceryl stearate, mangifera indica seed butter, olea europaea fruit oil, sodium hyaluronate, opuntia ficus - indica stem extract, cetearyl alcohol, aloe barbadensis leaf juice, hordeum vulgare leaf juice, tocopherol, helianthus annuus seed oil, xanthan gum, pentylene glycol, sodium pca, glyceryl caprylate, sodium phytate, citric acid, sodium hydroxide, triethyl citrate, caprylyl glycol, disodium phosphate, sodium benzoate, potassium sorbate, benzoic acid, parfum"
L'Oréal Paris Ekspert Wieku,"przeciwzmarszczkowy krem odbudowujący komórki na noc 60+, 50 ml",11,21.59,33.99,/loreal-paris-60-przeciwzmarszczkowy-krem-odbudowujacy-komorki-na-noc-50ml-000000000000271090.html,przeciwzmarszczkowy,782690 13 - INGREDIENTS: AQUA / WATER • CYCLOHEXASILOXANE • GLYCERIN • PRUNUS ARMENIACA KERNEL OIL / APRICOT KERNEL OIL • ALCOHOL DENAT. • PEG-20 METHYL GLUCOSE SESQUISTEARATE • AMMONIUM POLYACRYLOYLDIMETHYL TAURATE • FAGUS SYLVATICA BUD EXTRACT • PROPYLENE GLYCOL • CAFFEINE • CALCIUM GLUCONATE • CALCIUM PCA • CAPRYLOYL SALICYLIC ACID • DISODIUM EDTA • MAGNESIUM GLUCONATE • PENTAERYTHRITYL TETRA-DI-T-BUTYL HYDROXYHYDROCINNAMATE • OCTYLDODECANOL • ACRYLAMIDE/SODIUM ACRYLOYLDIMETHYLTAURATE COPOLYMER • ACRYLONITRILE/METHYL METHACRYLATE/VINYLIDENE CHLORIDE COPOLYMER • CAPRYLYL GLYCOL • DIMETHYL ISOSORBIDE • ISOBUTANE • ISOHEXADECANE • POLYSORBATE 80 • SORBITAN OLEATE • XANTHAN GUM • ALPHA-ISOMETHYL IONONE • CITRONELLOL • GERANIOL • LIMONENE • LINALOOL • BENZOIC ACID • PHENOXYETHANOL • SORBIC ACID • TOCOPHEROL • PARFUM / FRAGRANCE (F.I.L. B227935/1).,5.0,50.0,67.98,43.18,L'Oréal Paris,36.4813180347161,"782690 13 - ingredient: water,water,cyclohexasiloxane,glycerin,prunus armeniaca kernel oil,apricot kernel oil,alcohol denat.,peg-20 methyl glucose sesquistearate,ammonium polyacryloyldimethyl taurate,fagus sylvatica bud extract,propylene glycol,caffeine,calcium gluconate,calcium pca,capryloyl salicylic acid,disodium edta,magnesium gluconate,pentaerythrityl tetra - di - t - butyl hydroxyhydrocinnamate,octyldodecanol,acrylamide,sodium acryloyldimethyltaurate copolymer,acrylonitrile,methyl methacrylate,vinylidene chloride copolymer,caprylyl glycol,dimethyl isosorbide,isobutane,isohexadecane,polysorbate 80,sorbitan oleate,xanthan gum,alpha - isomethyl ionone,citronellol,geraniol,limonene,linalool,benzoic acid,phenoxyethanol,sorbic acid,tocopherol,parfum,fragrance (f.i.l.b227935/1)."
Miraculum Woda Termalna,"nawilżający krem-maska do twarzy, 50 ml",5,31.99,31.99,/miraculum-nawilzajacy-krem-maska-do-twarzy-50-ml-000000000000405676.html,nawilżający,"AQUA, PROPANEDIOL, COCO-CAPRYLATE/CAPRATE, ALCOHOL DENAT., BUTYLENE GLYCOL, GLYCERIN, HELIANTHUS ANNUUS SEED OIL, PEG-240/HDI COPOLYMER BIS-DECYLTETRADECETH-20 ETHER, GLYCERYL STEARATE CITRATE, SODIUM STEAROYL GLUTAMATE, PANTHENOL, MACADAMIA TERNIFOLIA SEED OIL, PHENOXYETHANOL, CHONDRUS CRISPUS POWDER, HYDROXYACETOPHENONE, XANTHAN GUM, ETHYLHEXYLGLYCERIN, SODIUM HYALURONATE CROSSPOLYMER, SODIUM ASCORBYL PHOSPHATE, SODIUM HYALURONATE, SORBITOL, LECITHIN, GARDENIA TAITENSIS FLOWER EXTRACT, SODIUM PCA, SODIUM ACETYLATED HYALURONATE, MAGNESIUM PCA, HYDROLYZED SODIUM HYALURONATE, ZINC PCA, MANGANESE PCA, PARFUM, CHENOPODIUM QUINOA SEED EXTRACT, COCOS NUCIFERA OIL, TOCOPHEROL, PENTYLENE GLYCOL, BETA-SITOSTEROL, CAPRYLYL GLYCOL, GLYCERYL CAPRYLATE, SQUALENE, POTASSIUM SORBATE, SODIUM BENZOATE, DISODIUM EDTA, CITRIC ACID, POTASSIUM LAURATE, LACTIC ACID, ROSMARINUS OFFICINALIS LEAF EXTRACT, CI 42090, CI 60730.",5.0,50.0,63.98,63.98,Mira,0.0,"water, propanediol, coco - caprylate,caprate, alcohol denat., butylene glycol, glycerin, helianthus annuus seed oil, peg-240,hdi copolymer bis - decyltetradeceth-20 ether, glyceryl stearate citrate, sodium stearoyl glutamate, panthenol, macadamia ternifolia seed oil, phenoxyethanol, chondrus crispus powder, hydroxyacetophenone, xanthan gum, ethylhexylglycerin, sodium hyaluronate crosspolymer, sodium ascorbyl phosphate, sodium hyaluronate, sorbitol, lecithin, gardenia taitensis flower extract, sodium pca, sodium acetylated hyaluronate, magnesium pca, hydrolyzed sodium hyaluronate, zinc pca, manganese pca, parfum, chenopodium quinoa seed extract, coco nucifera oil, tocopherol, pentylene glycol, beta - sitosterol, caprylyl glycol, glyceryl caprylate, squalene, potassium sorbate, sodium benzoate, disodium edta, citric acid, potassium laurate, lactic acid, rosmarinus officinalis leaf extract, ci 42090, ci 60730."
Beauty In The City,"nawilżający krem-emulsja do twarzy, 50 ml",12,11.49,16.49,/beauty-in-the-city-nawilzajacy-krem-emulsja-do-twarzy-50-ml-000000000000378268.html,nawilżający,"Aqua, Glycerin, Coco-Caprylate, C12-15 Alkyl Benzoate, Cetearyl Alcohol, Aluminum Starch Octenylsuccinate, Uapaca Bojeri Leaf Extract, Sodium Hyaluronate, Ceteareth-20, Propanediol, Carbomer, Tocopherol, Sodium Polyacrylate, Sodium Hydroxide, Tetrasodium EDTA, Parfum, Phenoxyethanol, Caprylyl Glycol, CI 42051, CI 16255",4.3,50.0,32.98,22.98,Beauty In The City,30.321406913280768,"water, glycerin, coco - caprylate, c12 - 15 alkyl benzoate, cetearyl alcohol, aluminum starch octenylsuccinate, uapaca bojeri leaf extract, sodium hyaluronate, ceteareth-20, propanediol, carbomer, tocopherol, sodium polyacrylate, sodium hydroxide, tetrasodium edta, parfum, phenoxyethanol, caprylyl glycol, ci 42051, ci 16255"
beBIO Ewa Chodakowska,"przeciwzmarszczkowy krem do twarzy 40+ na dzień, 50 ml",10,32.89,46.99,/bebio-przeciwzmarszczkowy-krem-do-twarzy-40-na-dzien-50-ml-000000000000422955.html,przeciwzmarszczkowy,"Aqua,Caprylic/Capric Triglyceride,Aloe Barbadensis Leaf Juice,Polyglyceryl-3 Stearate,Prunus Amygdalus Dulcis Oil,Glycerin,Glyceryl Stearate,Aphanizomenon Flos Aquae Extract,Caryodendron Orinocense Seed Oil,Argania Spinosa Kernel Oil,Sucrose,Sodium Hyaluronate,Butyrospermum Parkii Butter,Tocopherol,Helianthus Annuus Seed Oil,Sodium Stearoyl Lactylate,Cetearyl Alcohol,Xanthan Gum,Sodium Phytate,Citric Acid,Sodium Benzoate,Potassium Sorbate,Glyceryl Caprylate,Phenethyl Alcohol,Parfum",3.5,50.0,93.98,65.78,beBIO,30.006384337093,"water, caprylic,capric triglyceride, aloe barbadensis leaf juice, polyglyceryl-3 stearate, prunus amygdalus dulcis oil, glycerin, glyceryl stearate, aphanizomenon flos watere extract, caryodendron orinocense seed oil, argania spinosa kernel oil, sucrose, sodium hyaluronate, butyrospermum parkii butter, tocopherol, helianthus annuus seed oil, sodium stearoyl lactylate, cetearyl alcohol, xanthan gum, sodium phytate, citric acid, sodium benzoate, potassium sorbate, glyceryl caprylate, phenethyl alcohol, parfum"
Bandi Anti Acne,"kremowa kuracja antytrądzikowa do twarzy, 50 ml",18,46.99,46.99,/bandi-kuracja-do-twarzy-30ml-000000000000281889.html,"Antybakteryjne,
Łagodzące,
Natłuszczające,
Nawilżające,
Odżywcze,
Regenerujące","Aqua/Water, Propylene Glycol, Ethylhexyl Stearate, Kaolin, Dimethyl Isosorbide, Glyceryl Stearate, Cetearyl Alcohol, Decyl Cocoate, Macadamia Integrifolia Seed Oil, Panthenol, Caprylic/Capric Triglyceride, Salicylic Acid, PEG-100 Stearate,Allantoin, Gluconolactone, Alpha- Glucan Oligosaccharide, Polymnia Sonchifolia Root Juice, Maltodextrin, Lactobacillus, 4-Terpineol, Ceteareth-20, Xanthan Gum, Sodium Hydroxide , Phenoxyethanol, Ethylhexylglycerin",4.9,50.0,93.98,93.98,Bandi,0.0,"water,water, propylene glycol, ethylhexyl stearate, kaolin, dimethyl isosorbide, glyceryl stearate, cetearyl alcohol, decyl cocoate, macadamia integrifolia seed oil, panthenol, caprylic,capric triglyceride, salicylic acid, peg-100 stearate, allantoin, gluconolactone, alpha- glucan oligosaccharide, polymnia sonchifolia root juice, maltodextrin, lactobacillus, 4 - terpineol, ceteareth-20, xanthan gum, sodium hydroxide, phenoxyethanol, ethylhexylglycerin"
Bioderma Hydrabio Gel-Créme,"krem nawilżający o lekkiej konsystencji do twarzy, 40 ml",11,99.99,99.99,/bioderma-zel-krem-do-twarzy-40ml-000000000000286347.html,nawilżający,"AQUA/WATER/EAU, GLYCERIN, ISODODECANE, CYCLOPENTASILOXANE, DIPROPYLENE GLYCOL, NIACINAMIDE, SQUALANE, POLYMETHYLSILSESQUIOXANE, C14-22 ALCOHOLS, HDI/TRIMETHYLOL HEXYLLACTONE CROSSPOLYMER, AMMONIUM CRYLOYLDIMETHYLTAURATE/VP COPOLYMER, C30-45 ALKYL CETEARYL DIMETHICONE CROSSPOLYMER, CARBOMER, PENTYLENE GLYCOL, TOCOPHERYL ACETATE, C12-20 ALKYL GLUCOSIDE, STEARETH-21, DISODIUM EDTA, SALICYLIC ACID, SODIUM HYDROXIDE, MANNITOL, XYLITOL, HEXYLDECANOL, PEG/PPG-18/18 DIMETHICONE, RHAMNOSE, MALACHITE EXTRACT, PYRUS MALUS (APPLE) SEED EXTRACT, BRASSICA CAMPESTRIS (RAPESEED) STEROLS, TOCOPHEROL, FRAGRANCE (PARFUM)",5.0,40.0,249.97,249.97,Bioderma,0.0,"water,water,eau, glycerin, isododecane, cyclopentasiloxane, dipropylene glycol, niacinamide, squalane, polymethylsilsesquioxane, c14 - 22 alcohols, hdi,trimethylol hexyllactone crosspolymer, ammonium cryloyldimethyltaurate,vp copolymer, c30 - 45 alkyl cetearyl dimethicone crosspolymer, carbomer, pentylene glycol, tocopheryl acetate, c12 - 20 alkyl glucoside, steareth-21, disodium edta, salicylic acid, sodium hydroxide, mannitol, xylitol, hexyldecanol, peg,ppg-18/18 dimethicone, rhamnose, malachite extract, pyrus malus (apple) seed extract, brassica campestris (rapeseed) sterols, tocopherol, fragrance (parfum)"
Bandi Hydro Care,"intensywnie nawilżający krem do twarzy, 50 ml",66,64.99,64.99,/bandi-intensywnie-nawilzajacy-krem-do-twarzy-50-ml-000000000000363879.html,nawilżający,"AQUA/WATER, GLYCERIN, C13-15 ALKANE, SHEA BUTTER ETHYL ESTERS, PANTHENOL, PENTAERYTHRITYL DISTEARATE, HYDROLYZED GLYCOSAMINOGLYCANS, CETEARYL ALCOHOL, STEARIC ACID, HYALURONIC ACID, SODIUM STEAROYL GLUTAMATE, SODIUM POLYACRYLATE, ETHYLHEXYLGLYCERIN, PARFUM/FRAGRANCE, PHENOXYETHANOL",4.6,50.0,129.98,129.98,Bandi,0.0,"water,water, glycerin, c13 - 15 alkane, shea butter ethyl ester, panthenol, pentaerythrityl distearate, hydrolyzed glycosaminoglycan, cetearyl alcohol, stearic acid, hyaluronic acid, sodium stearoyl glutamate, sodium polyacrylate, ethylhexylglycerin, parfum,fragrance, phenoxyethanol"
Clochee Anti-Age,"krem odmładzająco regenerujący na noc, 50 ml",5,119.99,149.99,/clochee-krem-odmladzajaco-regenerujacy-na-noc-50-ml-000000000000409802.html,regenerujący,"Aqua, Sesamum Indicum Seed Oil**, Coco-Caprylate/Caprate**, Cetearyl Olivate**, Stearyl Alcohol**, Cocos Nucifera Oil**, Glycerin**, Butyrospermum Parkii Butter**, Sorbitan Olivate**, Argania Spinosa Kernel Oil*, Glyceryl Stearate*, Hydrolyzed Ulva Lactuca Extract**, Myrtus Communis Leaf Extract**, Olea Europaea Leaf Extract**, Olea Europaea Fruit Oil**, Hydrolyzed Sodium Hyaluronate*, Lysolecithin*, Sclerotium Gum*, Xanthan Gum*, Pullulan*, Benzyl Alcohol*, Salicylic Acid*, Sorbic Acid*, Sodium Hydroxide***, Parfum**
* Certified ingredients, ** Natural origin raw materials, *** Approved for natural cosmetics",5.0,50.0,299.98,239.98,Clochee,20.001333422228157,"water, sesamum indicum seed oil * *, coco - caprylate,caprate * *, cetearyl olivate * *, stearyl alcohol * *, cocos nucifera oil * *, glycerin * *, butyrospermum parkii butter * *, sorbitan olivate * *, argania spinosa kernel oil *, glyceryl stearate *, hydrolyzed ulva lactuca extract * *, myrtus communis leaf extract * *, olea europaea leaf extract * *, olea europaea fruit oil * *, hydrolyzed sodium hyaluronate *, lysolecithin *, sclerotium gum *, xanthan gum *, pullulan *, benzyl alcohol *, salicylic acid *, sorbic acid *, sodium hydroxide * * *, parfum * * 
 * certify ingredient, * * natural origin raw material, * * * approve for natural cosmetic"
Uzdrovisco Narcyz,"nektarowy krem nawadniający do twarzy, 50 ml",6,45.49,64.99,/uzdrovisco-nektarowy-krem-nawadniajacy-do-twarzy-50-ml-000000000000428189.html,nawilżający,"AQUA, ISLAMYL LAURATE, PROPANEDIOL, GLYCERIN, COCO-CAPRYLATE/CAPRATE, GLYCERYL STEARATE, GLYCERYL STEARATE CITRATE, MACADAMIA TERNIFOLIA SEED OIL, PRUNUS AMYGDALUS DULCIS OIL, TRIPELARGONIN, HYDROGENATED ETHYLHEXYL OLIVATE, CETEARYL ALCOHOL, UNDECANE, TRIDECANE, BETAINE, ZEA MAYS STARCH, HYDROGENATED OLIVE OIL UNSAPONIFIABLES,
PULLULAN, ASCORBYL TETRAISOPALMITATE, NARCISSUS POETICUS CALLUS EXTRACT, TOCOPHEROL, SODIUM ACETYLATED HYALURONATE, SODIUM HYALURONATE, SODIUM HYALURONATE CROSSPOLYMER, HYDROLYZED SODIUM HYALURONATE, LYSOLECITHIN, SODIUM STEAROYL GLUTAMATE, TETRASODIUM GLUTAMATE DIACETATE, SILICA, BETA-SITOSTEROL, SQUALENE, GLYCINE SOJA OIL, XANTHAN GUM, SCLEROTIUM GUM, CITRIC ACID, PENTYLENE GLYCOL, 1,2-HEXANEDIOL, CAPRYLYL GLYCOL, PIROCTONE
OLAMINE, HYDROXYACETOPHENONE, ETHYLHEXYLGLYCERIN, PARFUM",5.0,50.0,129.98,90.98,Uzdrovisco,30.004616094783803,"water, islamyl laurate, propanediol, glycerin, coco - caprylate,caprate, glyceryl stearate, glyceryl stearate citrate, macadamia ternifolia seed oil, prunus amygdalus dulcis oil, tripelargonin, hydrogenate ethylhexyl olivate, cetearyl alcohol, undecane, tridecane, betaine, zea mays starch, hydrogenated olive oil unsaponifiables, 
 pullulan, ascorbyl tetraisopalmitate, narcissu poeticus callus extract, tocopherol, sodium acetylated hyaluronate, sodium hyaluronate, sodium hyaluronate crosspolymer, hydrolyzed sodium hyaluronate, lysolecithin, sodium stearoyl glutamate, tetrasodium glutamate diacetate, silica, beta - sitosterol, squalene, glycine soja oil, xanthan gum, sclerotium gum, citric acid, pentylene glycol, 1,2 - hexanediol, caprylyl glycol, piroctone 
 olamine, hydroxyacetophenone, ethylhexylglycerin, parfum"
Ziaja med,"krem wyciszający rumień do twarzy, 50 ml",8,21.99,21.99,/ziaja-med-krem-wyciszajacy-rumien-do-twarzy-50-ml-000000000000249918.html,Kojące,"Aqua (Water),Isononyl Isononanoate,Octocrylene,C12-15 Alkyl Benzoate,Glycerin,Panthenol,Butyl Methoxydibenzoylmethane,Dimethicone,Glyceryl,Stearate Citrate,Methylene Bis-Benzotriazolyl Tetramethylbutylphenol (nano),Sodium Acrylate/Sodium Acryloyldimethyl Taurate Copolymer,Isohexadecane,Polysorbate 80,Butyrospermum Parkii (Shea Butter),Caprylic/Capric Triglyceride,Aster Maritima/Tripolium Extract,Cetearyl Alcohol,Glyceryl Stearate,Hydrogenated Coco-Glycerides,Olea Europaea (Olive) Fruit Oil,Steareth-2,Allantoin,Hesperidin Methyl Chalcone,Steareth-20,Dipeptide-2,Palmitoyl Tetrapeptide-7,Tocopheryl Acetate,Methylparaben,Diazolidinyl Urea",5.0,50.0,43.98,43.98,Ziaja,0.0,"water (water),isononyl isononanoate, octocrylene, c12 - 15 alkyl benzoate, glycerin, panthenol, butyl methoxydibenzoylmethane, dimethicone, glyceryl, stearate citrate, methylene bis - benzotriazolyl tetramethylbutylphenol (nano),sodium acrylate,sodium acryloyldimethyl taurate copolymer, isohexadecane, polysorbate 80,butyrospermum parkii (sheabutter),caprylic,capric triglyceride, aster maritima,tripolium extract, cetearyl alcohol, glyceryl stearate, hydrogenated coco - glycerides, olea europaea (olive) fruit oil, steareth-2,allantoin, hesperidin methyl chalcone, steareth-20,dipeptide-2,palmitoyl tetrapeptide-7,tocopheryl acetate, methylparaben, diazolidinyl urea"
Bielenda Kuracja Młodości,"naprawczy krem przeciwzmarszczkowy na dzień i na noc 80+, 50 ml",10,18.89,26.99,/bielenda-80-naprawczy-krem-przeciwzmarszczkowy-na-dzien-na-noc-50ml-000000000000322449.html,przeciwzmarszczkowy,"Aqua (Water),Ethylhexyl Stearate,Glycerin,Triethylhexanoin,Orbihnya Oleifera (Babassu) Seed Oil,Glyceryl Stearate,Cetearyl Alcohol,Theobroma Cacao (Cocoa) Seed Butter,Trehalose,Lanolin,Persea Gratissima (Avocado) Oil,Tocopheryl Acetate,Snail Secretion Filtrate,Gold (nano),Ceramide NP,Rosa Canina (Fruit) Oil,Plukenetia Volubilis Seed Oil,Olea Europaea (Olive) Fruit Oil,Polyglyceryl-10 Laurate,Tocopherol,Cyclopentasiloxane,Polysilicone-11,Ethylhexyl Hydroxystearate,Sodium Stearoyl Glutamate,Ammonium Acryloyldimethyltaurate/VP Copolymer,Vegetable Oil,Citric Acid,Disodium EDTA,Ethylhexylglycerin,Phenoxyethanol,Benzyl Alcohol,Parfum (Fragrance),Limonene,Linalool",4.7,50.0,53.98,37.78,Bielenda,30.011115227862167,"water (water),ethylhexyl stearate, glycerin, triethylhexanoin, orbihnya oleifera (babassu) seed oil, glyceryl stearate, cetearyl alcohol, theobroma cacao (cocoa) seed butter, trehalose, lanolin, persea gratissima (avocado) oil, tocopheryl acetate, snail secretion filtrate, gold (nano),ceramide np, rosa canina (fruit) oil, plukenetia volubilis seed oil, olea europaea (olive) fruit oil, polyglyceryl-10 laurate, tocopherol, cyclopentasiloxane, polysilicone-11,ethylhexyl hydroxystearate, sodium stearoyl glutamate, ammonium acryloyldimethyltaurate,vp copolymer, vegetable oil, citric acid, disodium edta, ethylhexylglycerin, phenoxyethanol, benzyl alcohol, parfum (fragrance),limonene, linalool"
Bielenda Kuracja Młodości 50+,"liftingujący krem przeciwzmarszczkowy na dzień noc 50+, 50 ml",6,19.59,27.99,/bielenda-50-liftingujacy-krem-przeciwzmarszczkowy-na-dzien-noc-50ml-000000000000322452.html,przeciwzmarszczkowy,"Aqua (Water),Squalane,Ethylhexyl Stearate,Sorbitan Stearate,Glycerin,Cetearyl Alcohol,Glyceryl Stearate,Butyrospermum Parkii (Shea) Butter,Macadamia Integrifolia Seed Oil,Cetearyl Ethylhexanoate,Isononyl Isononanoate,Sorbitol,Tocopheryl Acetate,Snail Secretion Filtrate,Gold (nano),Hydrolyzed Collagen,Lecithin,Carnitine,Ubiquinone,Tocopherol,Biotin,Sorbityl Laurate,Citric Acid,Sodium Citrate,Disodium EDTA,Trisodium EDTA,Xanthan Gum,Dimethicone,Ethylhexylglycerin,Benzyl Alcohol,Potassium Sorbate,Phenoxyethanol,Parfum (Fragrance),Limonene,Linalool",4.3,50.0,55.98,39.18,Bielenda,30.010718113612,"water (water),squalane, ethylhexyl stearate, sorbitan stearate, glycerin, cetearyl alcohol, glyceryl stearate, butyrospermum parkii (shea) butter, macadamia integrifolia seed oil, cetearyl ethylhexanoate, isononyl isononanoate, sorbitol, tocopheryl acetate, snail secretion filtrate, gold (nano),hydrolyze collagen, lecithin, carnitine, ubiquinone, tocopherol, biotin, sorbityl laurate, citric acid, sodium citrate, disodium edta, trisodium edta, xanthan gum, dimethicone, ethylhexylglycerin, benzyl alcohol, potassium sorbate, phenoxyethanol, parfum (fragrance),limonene, linalool"
Linomag Emolienty Cold Cream,"krem ochronny na zimę dla dzieci, 50 ml",6,20.79,25.99,/linomag-krem-ochronny-na-zime-dla-dzieci-50-ml-000000000000379213.html,Nawilżające,"Prunus Amygdalus Dulcis Oil,Butyrospermum Parkii Butter,Theobroma Cacao Seed Butter,Cocos Nucifera Oil,Linum Usitatissimum Oil,Calendula Officinalis Extract,Helianthus Annuus Seed Oil,Persea Gratissima Oil,Allantoin,Tocopheryl Acetate",4.3,50.0,51.98,41.58,Linomag,20.00769526741054,"prunus amygdalus dulcis oil, butyrospermum parkii butter, theobroma cacao seed butter, cocos nucifera oil, linum usitatissimum oil, calendula officinalis extract, helianthus annuus seed oil, persea gratissima oil, allantoin, tocopheryl acetate"
Vianek,"nawilżający krem do twarzy na dzień do skóry suchej i wrażliwej z ekstraktem z mniszka, 50 ml",28,33.99,33.99,/vianek-nawilzajacy-krem-do-twarzy-na-dziena-50ml-000000000000293778.html,nawilżający,"Aqua,Vitis Vinifera Seed Oil,Triticum Vulgare Germ Oil,Xylitol,Sorbitan Stearate,Sucrose Cocoate,Urea,Coco-Caprylate,Glycerin,Taraxacum Officinale Leaf Extract,Glyceryl Stearate,Stearic Acid,Cetearyl Alcohol,Xanthan Gum,Hydrolyzed Wheat Protein,Tocopheryl Acetate,Benzyl Alcohol,Parfum,Dehydroacetic Acid",3.9,50.0,67.98,67.98,Vianek,0.0,"water, vitis vinifera seed oil, triticum vulgare germ oil, xylitol, sorbitan stearate, sucrose cocoate, urea, coco - caprylate, glycerin, taraxacum officinale leaf extract, glyceryl stearate, stearic acid, cetearyl alcohol, xanthan gum, hydrolyzed wheat protein, tocopheryl acetate, benzyl alcohol, parfum, dehydroacetic acid"
Ziaja Naturalnie Pielęgnujemy,"regenerujący krem do twarzy na noc, 50 ml",27,12.29,12.29,/ziaja-regenerujacy-krem-do-twarzy-na-noc-50-ml-000000000000411828.html,regenerujący,"Aqua (Water),Octyldodecanol,Canola Oil,Caprylic/Capric Triglyceride,Tripelargonin (C8-C12 Acid Triglyceride),Butyrospermum Parkii (Shea) Butter,Glycerin,Glyceryl Stearate Citrate,Cetyl Alcohol,Glyceryl Stearate,Olea Europaea (Olive) Fruit Oil,Hydrogenated Coco-Glycerides,Sodium Hyaluronate,Xanthan Gum,Hydroxyacetophenone,Sodium Benzoate,Carbomer,Parfum (Fragrance),Citral,Limonene,Sodium Hydroxide",4.5,50.0,24.58,24.58,Ziaja,0.0,"water (water),octyldodecanol, canola oil, caprylic,capric triglyceride, tripelargonin (c8-c12acidtriglyceride),butyrospermum parkii (shea) butter, glycerin, glyceryl stearate citrate, cetyl alcohol, glyceryl stearate, olea europaea (olive) fruit oil, hydrogenated coco - glycerides, sodium hyaluronate, xanthan gum, hydroxyacetophenone, sodium benzoate, carbomer, parfum (fragrance),citral, limonene, sodium hydroxide"
Nacomi Dermo,"uniwersalny krem do twarzy i ciała, 150 ml",26,20.99,34.99,/nacomi-uniwersalny-krem-do-twarzy-i-ciala-150-ml-000000000000424300.html,Nawilżające,"INCI: Aqua, Olea Europaea Fruit Oil, Butyrospermum Parkii Butter, Cetearyl Alcohol, Propanediol, Cetyl Alcohol, Glycerin, Niacinamide, Tocopheryl Acetate, Allantoin, Biosaccharide gum-1, Ceramide NP, Ceramide AP, Ceramide EOP, Hydrolyzed Wheat Protein and Triticum Vulgare Starch, Hydrolyzed Rice Protein, Persea Gratissima Oil, Hydrolyzed Silk, Ascorbyl Palmitate, Phytosterols, Sodium Lauroyl Lactylate, Phytosphingosine, Sorbitan Oleate, Ethylhexylglycerin, Cholesterol, Potassium Cetyl Phosphate, Maltodextrin, Xanthan Gum, Parfum, Carbomer, Potassium Sorbate, Sodium Benzoate, Phenoxyethanol, Dehydroacetic Acid, Benzyl Alcohol.",4.4,150.0,23.33,13.99,Nacomi,40.011431837667914,"inci: water, olea europaea fruit oil, butyrospermum parkii butter, cetearyl alcohol, propanediol, cetyl alcohol, glycerin, niacinamide, tocopheryl acetate, allantoin, biosaccharide gum-1, ceramide np, ceramide ap, ceramide eop, hydrolyzed wheat protein and triticum vulgare starch, hydrolyzed rice protein, persea gratissima oil, hydrolyzed silk, ascorbyl palmitate, phytosterol, sodium lauroyl lactylate, phytosphingosine, sorbitan oleate, ethylhexylglycerin, cholesterol, potassium cetyl phosphate, maltodextrin, xanthan gum, parfum, carbomer, potassium sorbate, sodium benzoate, phenoxyethanol, dehydroacetic acid, benzyl alcohol."
Tołpa Estetic,"krem korygujący niedoskonałości, 40 ml",15,54.99,54.99,/tolpa-krem-korygujacy-niedoskonalosci-40ml-000000000000300116.html,"Łagodzące,
Nawilżające,
Seboregulujące,
Tonujące","Aqua, Methylpropanediol, Coco-Caprylate, Aluminum Starch Octenylsuccinate, Glyceryl Stearate Citrate, Peat Extract, Hydroxyethyl Acrylate/Sodium Acryloyldimethyl Taurate Copolymer, Cetyl Alcohol, Hyaluronic Acid, Syringa Vulgaris Leaf Cell Culture Extract, Tocopherol, Disodium EDTA, Polysorbate 60, Sorbitan Isostearate, Maltodextrin, Carbomer, Sodium Hydroxide, Parfum, Caprylyl Glycol, Phenylpropanol, Benzoic Acid.",4.5,40.0,137.48,137.48,Tołpa,0.0,"water, methylpropanediol, coco - caprylate, aluminum starch octenylsuccinate, glyceryl stearate citrate, peat extract, hydroxyethyl acrylate,sodium acryloyldimethyl taurate copolymer, cetyl alcohol, hyaluronic acid, syringa vulgaris leaf cell culture extract, tocopherol, disodium edta, polysorbate 60, sorbitan isostearate, maltodextrin, carbomer, sodium hydroxide, parfum, caprylyl glycol, phenylpropanol, benzoic acid."
L'Oréal Paris Ekspert Wieku,"przeciwzmarszczkowy krem ujędrniający na dzień 50+, 50 ml",11,21.59,33.99,/loreal-paris-50-przeciwzmarszczkowy-krem-ujedrniajacy-na-dzien-50ml-000000000000271095.html,ujędrniający,Value2: AQUA / WATER • GLYCERIN • ISOHEXADECANE • DIMETHICONE • ISOPROPYL ISOSTEARATE • ALUMINUM STARCH OCTENYLSUCCINATE • PROPYLENE GLYCOL • NYLON-12 • OCTYLDODECANOL • CETYL ALCOHOL • BEHENYL ALCOHOL • PEG-100 STEARATE • STEARIC ACID • STEARYL ALCOHOL • TRIETHANOLAMINE • CETEARYL ALCOHOL • CETEARYL GLUCOSIDE • SODIUM POLYACRYLATE • MYRISTIC ACID • MYRISTYL ALCOHOL • PALMITIC ACID • ADENOSINE • DISODIUM EDTA • DISODIUM STEAROYL GLUTAMATE • HYDROLYZED OPUNTIA FICUS-INDICA FLOWER EXTRACT • HYDROLYZED SOY PROTEIN • CAPRYLOYL SALICYLIC ACID • CAPRYLYL GLYCOL • ACETYL TRIFLUOROMETHYLPHENYL VALYLGLYCINE • XANTHAN GUM • PENTYLENE GLYCOL • ETHYLHEXYLGLYCERIN • POLYETHYLENE • RETINYL PALMITATE • TOCOPHEROL • PHENOXYETHANOL • LINALOOL • GERANIOL • ALPHA-ISOMETHYL IONONE • LIMONENE • CITRONELLOL • PARFUM / FRAGRANCE,4.7,50.0,67.98,43.18,L'Oréal Paris,36.4813180347161,"value2: water,water,glycerin,isohexadecane,dimethicone,isopropyl isostearate,aluminum starch octenylsuccinate,propylene glycol,nylon-12,octyldodecanol,cetyl alcohol,behenyl alcohol,peg-100 stearate,stearic acid,stearyl alcohol,triethanolamine,cetearyl alcohol,cetearyl glucoside,sodium polyacrylate,myristic acid,myristyl alcohol,palmitic acid,adenosine,disodium edta,disodium stearoyl glutamate,hydrolyzed opuntia ficus - indica flower extract,hydrolyzed soy protein,capryloyl salicylic acid,caprylyl glycol,acetyl trifluoromethylphenyl valylglycine,xanthan gum,pentylene glycol,ethylhexylglycerin,polyethylene,retinyl palmitate,tocopherol,phenoxyethanol,linalool,geraniol,alpha - isomethyl ionone,limonene,citronellol,parfum,fragrance"
Pharmaceris T Sebo-Moistatic,"krem nawilżająco-kojący SPF30 do twarzy w trakcie i po kuracjach przeciwtrądzikowych,50 ml",24,61.99,61.99,/pharmaceris-krem-nawilzajaco-kojacy-spf30-do-twarzy-w-trakcie-i-po-kuracjach-przeciwtradzikowych50-ml-000000000000225470.html,nawilżający,"Hydructor – wnika w głębsze warstwy skóry wiążąc i trwale utrzymując wodę w naskórku, zapewniając skórze odpowiednie nawilżenie oraz komfort.
Kompleks prebiotyczny – stymuluje wzrost ochronne, fizjologicznej mikroflory naskórka zmniejszając nadwrażliwość skóry na czynniki zewnętrzne.
Alantoina – ukierunkowana na kojenie podrażnień, działa łagodząco i regenerująco na naskórek.
Wyciąg z kory wierzby – działa przeciwbakteryjnie i łagodząco na naskórek. Wykazuje działanie antyseptyczne, reguluje proces złuszczania się martwych komórek skóry, zapobiegając powstawaniu nowych niedoskonałości.
Wyciąg z szałwii – działa przeciwbakteryjnie i przeciwtrądzikowo.",5.0,50.0,123.98,123.98,Pharmaceris,0.0,"hydructor – wnika w głębsze warstwy skóry wiążąc i trwale utrzymując wodę w naskórku, zapewniając skórze odpowiednie nawilżenie oraz komfort. 
 kompleks prebiotyczny – stymuluje wzrost ochronne, fizjologicznej mikroflory naskórka zmniejszając nadwrażliwość skóry na czynniki zewnętrzne. 
 alantoina – ukierunkowana na kojenie podrażnień, działa łagodząco i regenerująco na naskórek. 
 wyciąg z kory wierzby – działa przeciwbakteryjnie i łagodząco na naskórek. wykazuje działanie antyseptyczne, reguluje proces złuszczania się martwych komórek skóry, zapobiegając powstawaniu nowych niedoskonałości. 
 wyciąg z szałwii – działa przeciwbakteryjnie i przeciwtrądzikowo."
Nivea Sun,"krem z SPF50 do twarzy, 50 ml",5,38.29,38.29,/nivea-krem-z-spf50-do-twarzy-50-ml-000000000000437841.html,ochrona UV,"Aqua, Alcohol Denat., Butyl Methoxydibenzoylmethane, Bis-Ethylhexyloxyphenol Methoxyphenyl Triazine, Isopropyl Palmitate, C12-15 Alkyl Benzoate, Dibutyl Adipate, Ethylhexyl Triazone, Butylene Glycol Dicaprylate/Dicaprate, Cetearyl Alcohol, Distarch Phosphate, Phenylbenzimidazole Sulfonic Acid, Glyceryl Stearate, Tapioca Starch, Diethylamino Hydroxybenzoyl Hexyl Benzoate, Methylpropanediol, Glycerin, Glycyrrhiza Inflata Root Extract, Tocopheryl Acetate, Xanthan Gum, Hydroxypropyl Starch Phosphate, Cocoglycerides, Hydrogenated Coco-Glycerides, Hydrogenated Rapeseed Oil, Sodium Stearoyl Glutamate, Silica Dimethyl Silylate, Sodium Chloride, Sodium Hydroxide, Ethylhexylglycerin, Hydroxyacetophenone, Trisodium EDTA.",5.0,50.0,76.58,76.58,Nivea,0.0,"water, alcohol denat., butyl methoxydibenzoylmethane, bis - ethylhexyloxyphenol methoxyphenyl triazine, isopropyl palmitate, c12 - 15 alkyl benzoate, dibutyl adipate, ethylhexyl triazone, butylene glycol dicaprylate,dicaprate, cetearyl alcohol, distarch phosphate, phenylbenzimidazole sulfonic acid, glyceryl stearate, tapioca starch, diethylamino hydroxybenzoyl hexyl benzoate, methylpropanediol, glycerin, glycyrrhiza inflata root extract, tocopheryl acetate, xanthan gum, hydroxypropyl starch phosphate, cocoglyceride, hydrogenate coco - glyceride, hydrogenated rapeseed oil, sodium stearoyl glutamate, silica dimethyl silylate, sodium chloride, sodium hydroxide, ethylhexylglycerin, hydroxyacetophenone, trisodium edta."
Holika Holika Black Snail,"krem przeciwzmarszczkowy do twarzy, 50 ml",64,89.99,129.99,/holika-holika-krem-przeciwzmarszczkowy-do-twarzy-50-ml-000000000000380837.html,przeciwzmarszczkowy,"Snail Secretion Filtrate, Butylene Glycol, Glycerin, Betaine, Niacinamide, Pentaerythrityl Tetraethylhexanoate, Cyclohexasiloxane, Cetearyl Alcohol, Cocos Nucifera (Coconut) Oil, Aloe Barbadensis Leaf Extract, Water, Cyclopentasiloxane, Glycereth-26, Glycol Stearate SE, Stearic Acid, Hydrogenated Lecithin, Butyrospermum Parkii (Shea) Butter, Phenyl Trimethicone, Pentaerythrityl Tetraethylhexanoate, Cetearyl Glucoside, Glyceryl Stearate, PEG-100 Stearate, Hydroxyethyl Acrylate/Sodium Acryloyldimethyl Taurate Copolymer, Dimethicone, Cyclomethicone, Polyethylene, PEG/PPG-20/15 Dimethicone, Phenyl Methicone, Squalane, Polysorbate 60, Sodium Hyaluronate, PEG/PPPG-19/19 Dimethicone, Panax Ginseng Callus Culture Extract, Brassica Napus Sprout Extract, Punica Granatum Fruit Extract, Yeast Extract, Glycine Soja (Soybean) Phytoplacenta Extract, Pearl Powder, Theobroma Cacao (Cocoa) Seed Extract, Xanthan Gum, Carbomer, Adenosine, Disodium EDTA, Trometh-amine, Caprylyl Glycol, Caprylhydroxamic Acid, Phenoxyethanol, Sodium Benzoate, Potassium Sorbate, Fragrance",4.5,50.0,259.98,179.98,Holika Holika,30.771597815216563,"snail secretion filtrate, butylene glycol, glycerin, betaine, niacinamide, pentaerythrityl tetraethylhexanoate, cyclohexasiloxane, cetearyl alcohol, cocos nucifera (coconut) oil, aloe barbadensis leaf extract, water, cyclopentasiloxane, glycereth-26, glycol stearate se, stearic acid, hydrogenate lecithin, butyrospermum parkii (shea) butter, phenyl trimethicone, pentaerythrityl tetraethylhexanoate, cetearyl glucoside, glyceryl stearate, peg-100 stearate, hydroxyethyl acrylate,sodium acryloyldimethyl taurate copolymer, dimethicone, cyclomethicone, polyethylene, peg,ppg-20/15 dimethicone, phenyl methicone, squalane, polysorbate 60, sodium hyaluronate, peg,pppg-19/19 dimethicone, panax ginseng callus culture extract, brassica napus sprout extract, punica granatum fruit extract, yeast extract, glycine soja (soybean) phytoplacenta extract, pearl powder, theobroma cacao (cocoa) seed extract, xanthan gum, carbomer, adenosine, disodium edta, trometh - amine, caprylyl glycol, caprylhydroxamic acid, phenoxyethanol, sodium benzoate, potassium sorbate, fragrance"
Less Is More Face Care Cream,"regenerujący krem do twarzy baobab i aloes, 60 ml",33,30.99,44.99,/less-is-more-regenerujacy-krem-do-twarzy-baobab-i-aloes-60-ml--000000000000381569.html,regenerujący,"Aqua, Prunus Amygdalus Dulcis (Sweet Almond) Oil, Aloe Barbadensis Leaf Juice, Coco-Caprylate/Caprate, Decyl Cocoate, Hydrogenated Vegetable Oil, Glyceryl Stearate Citrate, Cetearyl Olivate, Glycerin, Tritium Vulgare (Wheat) Germ Oil, Sorbitan Olivate, Argania Spinosa Kernel Oil, Cellulose, Adonsonia Digitata (Baobab) Seed Oil, Aloe Barbadensis Leaf Extract, Citrus Aurantium Amara (Bitter Oragne) Flower Extract, Xylitylglucoside, Anhydroxylitol, Xylitol, Vaccinium Macrocarpon (Cranberry)Seed Oil, Tocopherol, Helianthus Annuus (Sunflower) Seed Oil, Caprylic/Capric Triglyceride, Xanthan Gum, Benzyl Alcohol,Dehydroacetic acid, Parfum, Linalool, Limonene.",4.1,60.0,74.98,51.65,Less Is More,31.11802622805068,"water, prunus amygdalus dulcis (sweetalmond) oil, aloe barbadensis leaf juice, coco - caprylate,caprate, decyl cocoate, hydrogenated vegetable oil, glyceryl stearate citrate, cetearyl olivate, glycerin, tritium vulgare (wheat) germ oil, sorbitan olivate, argania spinosa kernel oil, cellulose, adonsonia digitata (baobab) seed oil, aloe barbadensis leaf extract, citrus aurantium amara (bitteroragne) flower extract, xylitylglucoside, anhydroxylitol, xylitol, vaccinium macrocarpon (cranberry)seed oil, tocopherol, helianthus annuus (sunflower) seed oil, caprylic,capric triglyceride, xanthan gum, benzyl alcohol, dehydroacetic acid, parfum, linalool, limonene."
Yasumi Bakuchiol,"krem przeciwzmarszczkowy na noc do twarzy, 30 ml",14,97.99,139.99,/yasumi-krem-przeciwzmarszczkowy-na-noc-do-twarzy-30-ml-000000000000408201.html,przeciwzmarszczkowy,"AQUA, GLYCERIN, PROPANEDIOL, DIMETHICONE, CAPRIC TRIGLYCERIDE, PRUNUS AMYGDALUS DULCIS OIL, BUTYROSPERMUM PARKII BUTTER EXTRACT, GLYCERYL STEARATE, CETYL ALCOHOL, PEG-8 BEESWAX, ASCORBYL GLUCOSIDE, BAKUCHIOL, BIDENS PILOSA EXTRACT, CARBOMER, CETETH-20,ELAEIS GUINENSIS OIL, ETHYLHEXYLGLYCERIN, GOSSYPIUM HERBACEUM SEED OIL, LINUM USITATISSMUM SEED OIL. PANTHENOL, PANTOLACTONE, PARFUM, PEG-75 STEARATE, PHENOXYETHANOL, STEARETH-20, TOCOPHEROL, TOCOPHERYL ACETATE, TRIETHANOLAMINE, XANTHAN GUM",4.9,30.0,466.63,326.63,Yasumi,30.002143010215022,"water, glycerin, propanediol, dimethicone, capric triglyceride, prunus amygdalus dulcis oil, butyrospermum parkii butter extract, glyceryl stearate, cetyl alcohol, peg-8 beeswax, ascorbyl glucoside, bakuchiol, bidens pilosa extract, carbomer, ceteth-20,elaeis guinensis oil, ethylhexylglycerin, gossypium herbaceum seed oil, linum usitatissmum seed oil. panthenol, pantolactone, parfum, peg-75 stearate, phenoxyethanol, steareth-20, tocopherol, tocopheryl acetate, triethanolamine, xanthan gum"
Vichy Aqualia Thermal,"lekki krem nawilżający do skóry wrażliwej, normalnej i mieszanej, 50 ml",14,121.99,121.99,/vichy-krem-do-twarzy-50ml-000000000000302635.html,nawilżający,688918 23 - INGREDIENTS: AQUA / WATER • GLYCERIN • CAPRYLIC/CAPRIC TRIGLYCERIDE • ALCOHOL DENAT. • PROPANEDIOL • ISOPROPYL PALMITATE • BUTYROSPERMUM PARKII BUTTER / SHEA BUTTER • AMMONIUM POLYACRYLOYLDIMETHYL TAURATE • ZEA MAYS STARCH / CORN STARCH • MANNOSE • GLYCERYL ISOSTEARATE • CETEARYL ALCOHOL • CETEARYL GLUCOSIDE • SODIUM PCA • SODIUM HYALURONATE • SODIUM HYDROXIDE • P-ANISIC ACID • CAPRYLYL GLYCOL • CITRIC ACID • ACRYLATES/C10-30 ALKYL ACRYLATE CROSSPOLYMER • PARFUM / FRAGRANCE (F.I.L. B213665/1).,4.5,50.0,243.98,243.98,Vichy,0.0,"688918 23 - ingredient: water,water,glycerin,caprylic,capric triglyceride,alcohol denat.,propanediol,isopropyl palmitate,butyrospermum parkii butter,shea butter,ammonium polyacryloyldimethyl taurate,zea mays starch,corn starch,mannose,glyceryl isostearate,cetearyl alcohol,cetearyl glucoside,sodium pca,sodium hyaluronate,sodium hydroxide,p - anisic acid,caprylyl glycol,citric acid,acrylates,c10 - 30 alkyl acrylate crosspolymer,parfum,fragrance (f.i.l.b213665/1)."
Tołpa Dermo Face Relift 45+,"liftingujący krem regenerujący, noc, 40 ml",7,54.99,54.99,/tolpa-liftingujacy-krem-regenerujacy-noc-40-ml-000000000000363667.html,regenerujący,"Aqua, C12-15 Alkyl Benzoate, Glycerin, Butylene Glycol, Cetearyl Alcohol, Caprylic/Capric Triglyceride, Butyrospermum Parkii Butter, Squalane, Hexyldecanol, Peat Extract, Ceteareth-20, Biosaccharide Gum – 1, Alpinia Galanga Extract, Menyanthes Trifoliata Leaf Extract, Enteromorpha Compressa Extract, Caesalpinia Spinosa Gum, Malpighia Glabra Fruit Extract, Acetyl Dipeptide-1 Cetyl Ester, Parfum, Sorbitan Laurate, Hydroxyethylcellulose, Sodium Acrylate/ Sodium Acryloyldimethyl Taurate Copolymer, Isohexadecane, Polysorbate 80, Sorbitan Oleate, Sodium Polyacrylate, Carbomer, Xanthan Gum, Magnesium Aluminum Silicate, Potassium Phosphate, Pentylene Glycol, Tetrasodium EDTA, Sodium Hydroxide, Aluminium Starch Octenylsuccinate, Methylpropanediol, Caprylyl Glycol, Benzoic Acid, Sodium Benzoate, Potassium Sorbate, Phenoxyethanol.",4.8,40.0,137.48,137.48,Tołpa,0.0,"water, c12 - 15 alkyl benzoate, glycerin, butylene glycol, cetearyl alcohol, caprylic,capric triglyceride, butyrospermum parkii butter, squalane, hexyldecanol, peat extract, ceteareth-20, biosaccharide gum – 1, alpinia galanga extract, menyanthes trifoliata leaf extract, enteromorpha compressa extract, caesalpinia spinosa gum, malpighia glabra fruit extract, acetyl dipeptide-1 cetyl ester, parfum, sorbitan laurate, hydroxyethylcellulose, sodium acrylate/ sodium acryloyldimethyl taurate copolymer, isohexadecane, polysorbate 80, sorbitan oleate, sodium polyacrylate, carbomer, xanthan gum, magnesium aluminum silicate, potassium phosphate, pentylene glycol, tetrasodium edta, sodium hydroxide, aluminium starch octenylsuccinate, methylpropanediol, caprylyl glycol, benzoic acid, sodium benzoate, potassium sorbate, phenoxyethanol."
Lirene,"nawilżający krem do twarzy SPF20, 50 ml",5,25.99,25.99,/lirene-nawilzajacy-krem-do-twarzy-spf20-50-ml-000000000000415022.html,nawilżający,"Aqua (Water),Dicaprylyl Carbonate,Cetearyl Alcohol,Ethylhexyl Triazone,Glycerin,Glyceryl Stearate,Oleyl Erucate,Caprylic/Capric Triglyceride,C15-19 Alkane,Methylene Bis-Benzotriazolyl Tetramethylbutylphenol (nano),Pentylene Glycol,Butyrospermum Parkii (Shea) Butter,Propanediol,Diethylamino Hydroxybenzoyl Hexyl Benzoate,Sodium Stearoyl Glutamate,Helichrysum Italicum Flower/Leaf/Stem Water,Lonicera Caprifolium (Honeysuckle) Flower Extract,Lonicera Japonica (Honeysuckle) Flower Extract,Arnica Montana (Arnica) Flower Extract,Timonacic,Lecithin,Rosmarinus Officinalis (Rosemary) Leaf Extract,Hydrogenated Vegetable Glycerides Citrate,Helianthus Annuus (Sunflower) Seed Oil,Decyl Glucoside,Citric Acid,Xanthan Gum,Acacia Senegal Gum,Propylene Glycol,Tocopherol,Hydroxyethylcellulose,Ethylhexylglycerin,Potassium Sorbate,Sodium Benzoate,Phenoxyethanol,Parfum (Fragrance),Hexyl Cinnamal,Limonene,Linalool,Citronellol",4.8,50.0,51.98,51.98,Lirene,0.0,"water (water),dicaprylyl carbonate, cetearyl alcohol, ethylhexyl triazone, glycerin, glyceryl stearate, oleyl erucate, caprylic,capric triglyceride, c15 - 19 alkane, methylene bis - benzotriazolyl tetramethylbutylphenol (nano),pentylene glycol, butyrospermum parkii (shea) butter, propanediol, diethylamino hydroxybenzoyl hexyl benzoate, sodium stearoyl glutamate, helichrysum italicum flower,leaf,stem water, lonicera caprifolium (honeysuckle) flower extract, lonicera japonica (honeysuckle) flower extract, arnica montana (arnica) flower extract, timonacic, lecithin, rosmarinus officinalis (rosemary) leaf extract, hydrogenated vegetable glycerides citrate, helianthus annuus (sunflower) seed oil, decyl glucoside, citric acid, xanthan gum, acacia senegal gum, propylene glycol, tocopherol, hydroxyethylcellulose, ethylhexylglycerin, potassium sorbate, sodium benzoate, phenoxyethanol, parfum (fragrance),hexyl cinnamal, limonene, linalool, citronellol"
beBIO Ewa Chodakowska,"nawilżający krem do twarzy na dzień i noc, 75 ml",15,32.99,32.99,/bebio-nawilzajacy-krem-do-twarzy-na-dzien-i-noc-75-ml-000000000000401429.html,nawilżający,"Aqua,Isoamyl Cocoate,Polyglyceryl-3 Stearate,Glycerin,Caprylic/Capric Triglyceride,Aloe Barbadensis Leaf Juice,Prunus Amygdalus Dulcis Oil,Glyceryl Stearate,Butyrospermum Parkii Butter,Camellia Sinensis Leaf Extract,Phalaenopsis Amabilis Extract,Cetearyl Alcohol,Tocopherol,Helianthus Annuus Seed Oil,Argania Spinosa Kernel Oil,Sodium Stearoyl Lactylate,Pentylene Glycol,Xanthan Gum,Sodium Phytate,Citric Acid,Sodium Hydroxide,Dehydroacetic Acid,Benzyl Alcohol,Sodium Benzoate,Potassium Sorbate,Parfum",4.9,75.0,43.99,43.99,beBIO,0.0,"water, isoamyl cocoate, polyglyceryl-3 stearate, glycerin, caprylic,capric triglyceride, aloe barbadensis leaf juice, prunus amygdalus dulcis oil, glyceryl stearate, butyrospermum parkii butter, camellia sinensis leaf extract, phalaenopsis amabilis extract, cetearyl alcohol, tocopherol, helianthus annuus seed oil, argania spinosa kernel oil, sodium stearoyl lactylate, pentylene glycol, xanthan gum, sodium phytate, citric acid, sodium hydroxide, dehydroacetic acid, benzyl alcohol, sodium benzoate, potassium sorbate, parfum"
Vichy Neovadiol Po Menopauzie,"odżywczy krem na dzień przeciw wiotczeniu skóry, 50 ml",60,119.99,169.99,/vichy-odzywczy-krem-na-dzien-przeciw-wiotczeniu-skory-50-ml-000000000000403991.html,odżywczy,"Aqua / Water / Eau, Glycerin, Dimethicone, Butyrospermum Parkii Butter / Shea Butter, Oryza Sativa Bran Oil / Rice Bran Oil, Niacinamide, Cetearyl Alcohol, Cetearyl Isononanoate, Carthamus Tinctorius Seed Oil / Safflower Seed Oil, Glyceryl Stearate, Behenyl Alcohol, Zea Mays Starch / Corn Starch, Glyceryl Stearate Citrate, Dimethicone Crosspolymer, Sodium Polyacrylate, Sodium Phytate, Adenosine, Disodium Ethylene Dicocamide Peg,15 Disulfate, Tocopherol, Poloxamer 338, Alcohol, Propylene Glycol, Hydroxyacetophenone, Caprylyl Glycol, Hydroxypropyl Tetrahydropyrantriol, Capryloyl Salicylic Acid, Citric Acid, Cassia Angustifolia Seed Polysaccharide, Pentaerythrityl Tetra,di,t,butyl Hydroxyhydrocinnamate, Parfum",5.0,50.0,339.98,239.98,Vichy,29.41349491146539,"water,water,eau, glycerin, dimethicone, butyrospermum parkii butter,shea butter, oryza sativa bran oil,rice bran oil, niacinamide, cetearyl alcohol, cetearyl isononanoate, carthamus tinctorius seed oil,safflower seed oil, glyceryl stearate, behenyl alcohol, zea mays starch,corn starch, glyceryl stearate citrate, dimethicone crosspolymer, sodium polyacrylate, sodium phytate, adenosine, disodium ethylene dicocamide peg,15 disulfate, tocopherol, poloxamer 338, alcohol, propylene glycol, hydroxyacetophenone, caprylyl glycol, hydroxypropyl tetrahydropyrantriol, capryloyl salicylic acid, citric acid, cassia angustifolia seed polysaccharide, pentaerythrityl tetra, di, t, butyl hydroxyhydrocinnamate, parfum"
Soraya Duo Forte,"krem do twarzy wypełniający zmarszczki i bruzdy na dzień i na noc 70+, 50 ml",9,27.99,27.99,/soraya-krem-do-twarzy-wypelniajacy-zmarszczki-50ml-000000000000309722.html,Regenerujące,"Aqua, Ethylhexyl Stearate, Paraffinum Liquidum, Isopropyl Palmitate, Glycerin, Caprylic/Capric Triglyceride, Polyglyceryl-3 Dicitrate/Stearate, Cetearyl Alcohol, Glyceryl Stearate, Persea Gratissima Oil, Panthenol, Tocopheryl Acetate, Glutamine, Sodium Hyaluronate, Cistus Incanus Flower/Leaf/Stem Extract, Gynostemma Pentaphyllum Leaf/Stem Extract, Sodium Hyaluronate Crosspolymer, Calcium Pantothenate, Cyanocobalamin, Folic Acid, Inositol, Niacinamide, Pyridoxine HCl, Riboflavin, Thiamine HCl, Butylene Glycol, Pentylene Glycol, Dimethicone, Ethylhexyl Palmitate, Xanthan Gum, Carbomer, Octadecyl Di-T-Butyl-4-Hydroxyhydrocinnamate, Sodium Hydroxide, Decyl Glucoside, Phenethyl Alcohol, Silica Dimethyl Silylate, Caprylyl Glycol, DMDM Hydantoin, Methylparaben, Propylparaben, Phenoxyethanol, Parfum, Limonene, Linalool, Alpha Isomethyl Ionone, Citronellol",5.0,50.0,55.98,55.98,Soraya,0.0,"water, ethylhexyl stearate, paraffinum liquidum, isopropyl palmitate, glycerin, caprylic,capric triglyceride, polyglyceryl-3 dicitrate,stearate, cetearyl alcohol, glyceryl stearate, persea gratissima oil, panthenol, tocopheryl acetate, glutamine, sodium hyaluronate, cistus incanus flower,leaf,stem extract, gynostemma pentaphyllum leaf,stem extract, sodium hyaluronate crosspolymer, calcium pantothenate, cyanocobalamin, folic acid, inositol, niacinamide, pyridoxine hcl, riboflavin, thiamine hcl, butylene glycol, pentylene glycol, dimethicone, ethylhexyl palmitate, xanthan gum, carbomer, octadecyl di - t - butyl-4 - hydroxyhydrocinnamate, sodium hydroxide, decyl glucoside, phenethyl alcohol, silica dimethyl silylate, caprylyl glycol, dmdm hydantoin, methylparaben, propylparaben, phenoxyethanol, parfum, limonene, linalool, alpha isomethyl ionone, citronellol"
Bioderma Photoderm AR,"krem tonujący do cery naczynkowej z SPF50, 30 ml",11,99.99,99.99,/bioderma-krem-tonujacy-do-cery-naczynkowej-z-spf50-30-ml-000000000000436600.html,ochrona UV,"AQUA/WATER/EAU, DIBUTYL ADIPATE, TITANIUM DIOXIDE [NANO], TITANIUM DIOXIDE (CI 77891), DIISOPROPYL SEBACATE, DIETHYLAMINO HYDROXYBENZOYL HEXYL BENZOATE, METHYLENE BIS-BENZOTRIAZOLYL TETRAMETHYLBUTYLPHENOL [NANO], IRON OXIDES (CI 77492), DIETHYLHEXYL BUTAMIDO TRIAZONE, POTASSIUM CETYL PHOSPHATE, BIS-ETHYLHEXYLOXYPHENOL METHOXYPHENYL TRIAZINE, CORN STARCH MODIFIED, PENTYLENE GLYCOL, PROPANEDIOL, SILICA, C20-22 ALKYL PHOSPHATE, C20-22 ALCOHOLS, IRON OXIDES (CI 77491), DECYL GLUCOSIDE, TOCOPHERYL ACETATE, IRON OXIDES (CI 77499), POLYACRYLATE CROSSPOLYMER-6, CAPRYLYL GLYCOL, XANTHAN GUM, ECTOIN, MANNITOL, XYLITOL, SODIUM LAUROYL GLUTAMATE, RHAMNOSE, LYSINE, PROPYLENE GLYCOL, SODIUM HYDROXIDE, MAGNESIUM
CHLORIDE, GLABRIDIN, FRUCTOOLIGOSACCHARIDES, CAPRYLIC/CAPRIC TRIGLYCERIDE, LAMINARIA OCHROLEUCA EXTRACT",5.0,30.0,333.3,333.3,Bioderma,0.0,"water,water,eau, dibutyl adipate, titanium dioxide, nano ], titanium dioxide (ci77891), diisopropyl sebacate, diethylamino hydroxybenzoyl hexyl benzoate, methylene bis - benzotriazolyl tetramethylbutylphenol, nano ], iron oxides (ci77492), diethylhexyl butamido triazone, potassium cetyl phosphate, bis - ethylhexyloxyphenol methoxyphenyl triazine, corn starch modified, pentylene glycol, propanediol, silica, c20 - 22 alkyl phosphate, c20 - 22 alcohols, iron oxides (ci77491), decyl glucoside, tocopheryl acetate, iron oxides (ci77499), polyacrylate crosspolymer-6, caprylyl glycol, xanthan gum, ectoin, mannitol, xylitol, sodium lauroyl glutamate, rhamnose, lysine, propylene glycol, sodium hydroxide, magnesium 
 chloride, glabridin, fructooligosaccharides, caprylic,capric triglyceride, laminaria ochroleuca extract"
Soraya Kolagen + Argan,"krem do twarzy nawilżający i przeciwzmarszczkowy na dzień i na noc, 50 ml",5,11.99,11.99,/soraya-krem-do-twarzy-przeciwzmarszczkowy-na-dzien-na-noc-50ml-000000000000263267.html,przeciwzmarszczkowy,"Aqua, Ethylhexyl Stearate, Isopropyl Palmitate, Glycerin, Cetearyl Alcohol, Glyceryl Stearate, Macadamia Integrifolia Seed Oil, Glyceryl Stearate Citrate, Butyrospermum Parkii Butter, Tocopheryl Acetate, Allantoin, Sodium Hyaluronate, Argania Spinosa Kernel Oil, Soluble Collagen, Propylene Glycol, Dimethicone, Sodium Polyacrylate, Disodium EDTA, Octadecyl Di-T-Butyl-4-Hydroxyhydrocinnamate, Caprylyl Glycol, Sodium Hydroxide, Phenoxyethanol, Methylparaben, Propylparaben, Parfum, Butylphenyl Methylpropional, Linalool, Alpha Isomethyl Ionone, Citronellol, Eugenol",5.0,50.0,23.98,23.98,Soraya,0.0,"water, ethylhexyl stearate, isopropyl palmitate, glycerin, cetearyl alcohol, glyceryl stearate, macadamia integrifolia seed oil, glyceryl stearate citrate, butyrospermum parkii butter, tocopheryl acetate, allantoin, sodium hyaluronate, argania spinosa kernel oil, soluble collagen, propylene glycol, dimethicone, sodium polyacrylate, disodium edta, octadecyl di - t - butyl-4 - hydroxyhydrocinnamate, caprylyl glycol, sodium hydroxide, phenoxyethanol, methylparaben, propylparaben, parfum, butylphenyl methylpropional, linalool, alpha isomethyl ionone, citronellol, eugenol"
Iwostin Hydro Sensitia,"krem aktywator nawilżenia do twarzy, 50 ml",5,63.99,63.99,/iwostin-krem-aktywator-nawilzenia-do-twarzy-50-ml-000000000000250799.html,Nawilżające,"Aqua,Propylheptyl Caprylate,Isohexadecane,Glycerin,Myristyl Myristate,Cetearyl Alcohol,Caprylic/Capric Triglyceride,Glyceryl Stearate SE,Pentaerythrityl Distearate,Dimethicone,Sodium Stearoyl Glutamate,Vitis vinifera Seed Oil,Trimethylsiloxysilicate,Biosaccharide Gum-1,Betaglucan,Triticum Vulgare (Wheat) Germ Extract,Saccharomyces Cerevisiae Extract,Sodium Hyaluronate,Panthenol,Disodium Cocoamphodiacetate,PVP,Phenoxyethanol,Sodium Polyacrylate,Xanthan Gum,Allantoin,Ethylhexylglycerin,PEG-8,Tocopherol,Ascorbic Acid,Ascorbyl Palmitate,Citric Acid,Sodium Metabisulfite,Pantolactone,Disodium EDTA,Sodium Benzoate,Gluconolactone,Calcium Gluconate",4.200000000000001,50.0,127.98,127.98,Iwostin,0.0,"water, propylheptyl caprylate, isohexadecane, glycerin, myristyl myristate, cetearyl alcohol, caprylic,capric triglyceride, glyceryl stearate se, pentaerythrityl distearate, dimethicone, sodium stearoyl glutamate, vitis vinifera seed oil, trimethylsiloxysilicate, biosaccharide gum-1,betaglucan, triticum vulgare (wheat) germ extract, saccharomyces cerevisiae extract, sodium hyaluronate, panthenol, disodium cocoamphodiacetate, pvp, phenoxyethanol, sodium polyacrylate, xanthan gum, allantoin, ethylhexylglycerin, peg-8,tocopherol, ascorbic acid, ascorbyl palmitate, citric acid, sodium metabisulfite, pantolactone, disodium edta, sodium benzoate, gluconolactone, calcium gluconate"
Vianek,"wzmacniający krem do twarzy na noc, 50 ml",8,36.99,36.99,/vianek-wzmacniajacy-krem-do-twarzy-na-noc-50-ml-000000000000299760.html,Wzmacniające,"Aqua,Prunus Amygdalus Dulcis Oil,Sorbitan Stearate,Sucrose Cocate,Potassium Azelaoyl Diglycinate,Glycerin,Squalane,Aesculus Hippocastanum Seed Extract,Glyceryl Stearate,Ribes Nigrum Seed Oil,Coco-caprylate,Panthenol,Stearic Acid,Cetearyl Alcohol,Allantoin,Tocopheryl Acetate,Xanthan Gum,Phytic Acid,Benzyl Alcohol,Dehydroacetic Acid,Parfum",4.9,50.0,73.98,73.98,Vianek,0.0,"water, prunus amygdalus dulcis oil, sorbitan stearate, sucrose cocate, potassium azelaoyl diglycinate, glycerin, squalane, aesculus hippocastanum seed extract, glyceryl stearate, ribes nigrum seed oil, coco - caprylate, panthenol, stearic acid, cetearyl alcohol, allantoin, tocopheryl acetate, xanthan gum, phytic acid, benzyl alcohol, dehydroacetic acid, parfum"
Eveline Cosmetics Royal Snail,"skoncentrowany krem do twarzy na dzień i noc 70+, 50 ml",9,32.99,32.99,/eveline-70-krem-przeciwzmarszczkowy-50ml-000000000000352182.html,Regenerujące,"Aqua (Water),Glycerin,Cetyl Alcohol,Helianthus Annuus Seed Oil,Dimethicone,Glyceryl Stearate SE,Tocopheryl Acetate,Centella Asiatica Leaf Extract,Propanediol,Caprylic/Capric Triglyceride,Globularia Cordifolia Callus Culture Extract,Zingiber Zerumbet Extract,Ginkgo Biloba Leaf Extract,Sodium Hyaluronate,Carnitine HCL,Phosphatidylcholine,Caffeine,Fisetin,Raspberry Ketone,Plankton Extract,Cholesterol,Sodium Polyacrylate,Propylene Glycol,Phenoxyethanol,Butylene Glycol,DMDM Hydantoin,Methylparaben,Ethylparaben,Butylparaben,Propylparaben,Sodium Benzoate,Sodium Citrate,Citric Acid,Parfum (Fragrance),Butyl Alcohol,Vanillyl Butyl Ether,Vanilin,Vanillyl Alcohol,Sodium Deoxycholate,Benzyl Alcohol,Dehydroacetic Acid,Xanthan Gum,CI 16255,CI 19140.",5.0,50.0,65.98,65.98,Eveline Cosmetics,0.0,"water (water),glycerin, cetyl alcohol, helianthus annuus seed oil, dimethicone, glyceryl stearate se, tocopheryl acetate, centella asiatica leaf extract, propanediol, caprylic,capric triglyceride, globularia cordifolia callus culture extract, zingiber zerumbet extract, ginkgo biloba leaf extract, sodium hyaluronate, carnitine hcl, phosphatidylcholine, caffeine, fisetin, raspberry ketone, plankton extract, cholesterol, sodium polyacrylate, propylene glycol, phenoxyethanol, butylene glycol, dmdm hydantoin, methylparaben, ethylparaben, butylparaben, propylparaben, sodium benzoate, sodium citrate, citric acid, parfum (fragrance),butyl alcohol, vanillyl butyl ether, vanilin, vanillyl alcohol, sodium deoxycholate, benzyl alcohol, dehydroacetic acid, xanthan gum, ci 16255,ci 19140."
Equilibra Sun,"krem do twarzy SPF30, 75 ml",6,27.99,34.99,/equilibra-krem-do-twarzy-spf30-75-ml-000000000000383784.html,ochrona UV,"Aloe Barbadensis Leaf Juice, Aqua (Water), C12-15 Alkyl Benzoate, Ethylhexyl Methoxycinnamate, Octocrylene, Diethylamino Hydroxybenzoyl Hexyl Benzoate, Glycerin, Potassium Cetyl Phosphate, Cocoglycerides, Cetearyl Alcohol, Isoamyl Laurate, Propanediol, Titanium Dioxide, Prunus Amygdalus Dulcis (Sweet Almond) Oil, Caprylic/Capric Triglyceride, Cetyl Alcohol, Cetyl Palmitate, Opuntia Ficus-Indica Stem Extract, Hydrolyzed Sweet Almond Protein, Butyrospermum Parkii (Shea) Butter, Sodium Hyaluronate, Tocopheryl Acetate, Glycine Soja (Soybean) Oil, Argania Spinosa Kernel Oil, Daucus Carota Sativa (Carrot) Root Extract, Tocopherol, Xanthan Gum, Hydroxyethylcellulose, Ethylhexylglycerin, Benzyl Alcohol, Alumina, Silica, Isopropyl Myristate, Potassium Sorbate, Methyl Decenol, Ascorbyl Palmitate, Potassium Palmitoyl Hydrolyzed Wheat Protein, Sodium Benzoate, Sodium Polyacrylate, Sodium Phytate, Undecylenic Acid, Dehydroacetic Acid, Citric Acid, Lecithin, Beta-Carotene",3.2,75.0,46.65,37.32,Equilibra,20.00571591883396,"aloe barbadensis leaf juice, water (water), c12 - 15 alkyl benzoate, ethylhexyl methoxycinnamate, octocrylene, diethylamino hydroxybenzoyl hexyl benzoate, glycerin, potassium cetyl phosphate, cocoglyceride, cetearyl alcohol, isoamyl laurate, propanediol, titanium dioxide, prunus amygdalus dulcis (sweetalmond) oil, caprylic,capric triglyceride, cetyl alcohol, cetyl palmitate, opuntia ficus - indica stem extract, hydrolyzed sweet almond protein, butyrospermum parkii (shea) butter, sodium hyaluronate, tocopheryl acetate, glycine soja (soybean) oil, argania spinosa kernel oil, daucus carota sativa (carrot) root extract, tocopherol, xanthan gum, hydroxyethylcellulose, ethylhexylglycerin, benzyl alcohol, alumina, silica, isopropyl myristate, potassium sorbate, methyl decenol, ascorbyl palmitate, potassium palmitoyl hydrolyzed wheat protein, sodium benzoate, sodium polyacrylate, sodium phytate, undecylenic acid, dehydroacetic acid, citric acid, lecithin, beta - carotene"
Pharmaceris A Medic Protection,"krem specjalna ochrona do twarzy i ciała SPF100+, 75 ml",13,85.99,85.99,/pharmaceris-krem-specjalna-ochrona-do-twarzy-i-ciala-spf100-75-ml-000000000000389541.html,ochrona UV,.,4.1,75.0,114.65,114.65,Pharmaceris,0.0,.
Avène Tolerance Control,"balsam łagodząco-regenerujący do twarzy, 40 ml",11,99.99,129.99,/avene-balsam-lagodzaco-regenerujacy-do-twarzy-40-ml-000000000000386862.html,regenerujący,AVENE THERMAL SPRING WATER (AVENE AQUA). CAPRYLIC/CAPRIC TRIGLYCERIDE GLYCERIN. CETEARYL ALCOHOL BUTYROSPERMUM PARKII (SHEA) BUTTER (BUTYROSPERMUM PARKII BUTTER). SQUALANE BEESWAX (CERA ALBA). CETEARYL GLUCOSIDE CETYL ESTERS. AQUAPHILUS DOLOMIAE EXTRACT FILTRATE ARGININE CITRIC ACID. TROMETHAMINE WATER (AQUA). XANTHAN GUM.,5.0,40.0,324.98,249.97,Avène,23.078698361412425,"avene thermal spring water (avenewater). caprylic,capric triglyceride glycerin. cetearyl alcohol butyrospermum parkii (shea) butter (butyrospermumparkiibutter). squalane beeswax (ceraalba). cetearyl glucoside cetyl esters. waterphilus dolomiae extract filtrate arginine citric acid. tromethamine water (water). xanthan gum."
Revox Japanese Ritual,"przeciwzmarszczkowy krem do twarzy, 50 ml",5,20.29,28.99,/revox-przeciwzmarszczkowy-krem-do-twarzy-50-ml-000000000000385791.html,przeciwzmarszczkowy,"Water/ Aqua, Urea, Cetearyl Alcohol, Coco – Caprylate/ Caprate, Glycerin, Ceteareth-20, Soybean Oil / Glycine Soja Oil, Glycol Cetearate, Maltooligosyl Glucoside, Hydrogenated Starch Hydrolysate, Caprylic/Capric Triglyceride, Rice Extract / Oryza Sativa Extract, Hydrolyzed Rice Protein, Sodium Hyaluronate, Squalane, Cherry Blossom Extract / Prunus Serrulata Flower Extract, Allantoin, Phenoxyethanol, Fragrance / Parfum, Acrylates/C10 – 30 Alkyl Acrylate Crosspolymer, Triethanolamine, Disodium EDTA, Citric Acid, Sodium Benzoate, Potassium Sorbate, Octadecyl Di-t-Butyl-4- Hydroxyhydrocinnamate, Hexyl Cinnamal, Linalool, Limonene.",4.8,50.0,57.98,40.58,Revox,30.01034839599862,"water/ water, urea, cetearyl alcohol, coco – caprylate/ caprate, glycerin, ceteareth-20, soybean oil,glycine soja oil, glycol cetearate, maltooligosyl glucoside, hydrogenated starch hydrolysate, caprylic,capric triglyceride, rice extract,oryza sativa extract, hydrolyzed rice protein, sodium hyaluronate, squalane, cherry blossom extract,prunus serrulata flower extract, allantoin, phenoxyethanol, fragrance,parfum, acrylates,c10 – 30 alkyl acrylate crosspolymer, triethanolamine, disodium edta, citric acid, sodium benzoate, potassium sorbate, octadecyl di - t - butyl-4- hydroxyhydrocinnamate, hexyl cinnamal, linalool, limonene."
Skin79 Jeju Mayu,"odżywczy krem do twarzy, 70 ml",33,114.99,114.99,/skin79-odzywczy-krem-do-twarzy-70-ml-000000000000304025.html,odżywczy,"Water,Caprylic/Capric Triglyceride,Butylene Glycol,Horse Fat,Cetearyl Alcohol,Cyclopentasiloxane,Glycerin,Cetearyl Olivate,Niacinamide,Sorbitan Olivate,Beeswax,Butyrospermum Parkii (Shea) Butter,Bixa Orellana Seed Oil,Macadamia Ternifolia Seed Oil,Astrocaryum Murumuru Seed Butter,Camellia Sinensis Seed Oil,Olea Europaea (Olive) Fruit Oil,Water,Ceramide NP,Echinacea Purpurea Extract,Calendula Officinalis Flower Oil,Crithmum Maritimum Callus Culture Filtrate,Moringa Oleifera Seed Oil,Swertia Chirata Extract,Bis-Diglyceryl Polyacyladipate-2,Pentylene Glycol,Cyclohexasiloxane,Cetearyl Glucoside,Glyceryl Stearate SE,Caprylyl Glycol,Tocopheryl Acetate,Sodium Acrylate/Sodium Acryloyldimethyl Taurate Copolymer,Panthenol,Hydrogenated Polydecene,Dimethicone/Vinyl Dimethicone Crosspolymer,Adenosine,Laureth-8,Phytosphingosine,Pentasodium Pentetate,1,2-Hexanediol,Inulin,Acrylates/C10-30 Alkyl Acrylate Crosspolymer,Alpha-Glucan Oligosaccharide,Hydroxyacetophenone,Maltodextrin,Tamarindus Indica Seed Polysaccharide,Glycolipids,Hydrogenated Lecithin,Pistacia Lentiscus (Mastic) Gum,Potassium Hydroxide,Ethylhexylglycerin,Phospholipids,Xanthan Gum,Phenethyl Alcohol,Disodium EDTA,Phenoxyethanol,Fragrance (Parfum)",4.8,70.0,164.27,164.27,Skin79,0.0,"water, caprylic,capric triglyceride, butylene glycol, horse fat, cetearyl alcohol, cyclopentasiloxane, glycerin, cetearyl olivate, niacinamide, sorbitan olivate, beeswax, butyrospermum parkii (shea) butter, bixa orellana seed oil, macadamia ternifolia seed oil, astrocaryum murumuru seed butter, camellia sinensis seed oil, olea europaea (olive) fruit oil, water, ceramide np, echinacea purpurea extract, calendula officinalis flower oil, crithmum maritimum callus culture filtrate, moringa oleifera seed oil, swertia chirata extract, bis - diglyceryl polyacyladipate-2,pentylene glycol, cyclohexasiloxane, cetearyl glucoside, glyceryl stearate se, caprylyl glycol, tocopheryl acetate, sodium acrylate,sodium acryloyldimethyl taurate copolymer, panthenol, hydrogenated polydecene, dimethicone,vinyl dimethicone crosspolymer, adenosine, laureth-8,phytosphingosine, pentasodium pentetate,1,2 - hexanediol, inulin, acrylates,c10 - 30 alkyl acrylate crosspolymer, alpha - glucan oligosaccharide, hydroxyacetophenone, maltodextrin, tamarindus indica seed polysaccharide, glycolipids, hydrogenated lecithin, pistacia lentiscus (mastic) gum, potassium hydroxide, ethylhexylglycerin, phospholipids, xanthan gum, phenethyl alcohol, disodium edta, phenoxyethanol, fragrance (parfum)"
Eveline Cosmetics Royal Snail,"krem przeciwzmarszczkowy do twarzy 40+, 50 ml",16,20.99,34.99,/eveline-40-krem-przeciwzmarszczkowy-50ml-000000000000352183.html,przeciwzmarszczkowy,"Aqua (Water),C12-15 Alkyl Benzoate,Glycerin,Ethylhexyl Stearate,Glyceryl Stearates,Isopropyl Myristate,Triolein,Glyceryl Stearate,PEG-100 Stearate,Alcohol Denat.,Cetyl Alcohol,Betaine,Centella Asiatica Leaf Extract,Menthol,Hedera Helix Leaf Extract,Laminaria Hyperborea Extract,Tocopheryl Acetate,Triticum Vulgare Germ Oil,Maris Sal,Urea,Caffeine,Tocopherol,Fisetin,Cholesterol,Plankton Extract,Sodium Deoxycholate,Raspberry Ketone,Triglyceride,Carnitine HCL,Phosphatidylcholine,Glyceryl Dioleate,Propylene Glycol,Butylene Glycol,Dimethicone,Hydroxyethyl Acrylate/Sodium Acryloyldimethyl Taurate Copolymer,Hydrogenated Vegetable Oil,Ozokerite,DMDM Hydantoin,Olus Oil,Cera Alba,Hydrogenated Palm Acid,Stearyl Stearate,Synthetic Fluorphogopite,Polysorbate 60,Sorbitan Isostearate,Caprylic/Capric Propanediol,Potassium Sorbate,Sodium Benzoate,Sodium Citrate,Citric Acid,Sodium Sulfate,Sorbic Acid,Parfum (Fragrance),Phenoxyethanol,Methylparaben,Propylparaben,Butylparaben,Ethylparaben,Benzyl Alcohol,Dehydroacetic Acid,Xanthan Gum,Disodium EDTA,CI 19140,CI 77891,CI 42090.",4.5,50.0,69.98,41.98,Eveline Cosmetics,40.011431837667914,"water (water),c12 - 15 alkyl benzoate, glycerin, ethylhexyl stearate, glyceryl stearates, isopropyl myristate, triolein, glyceryl stearate, peg-100 stearate, alcohol denat.,cetyl alcohol, betaine, centella asiatica leaf extract, menthol, hedera helix leaf extract, laminaria hyperborea extract, tocopheryl acetate, triticum vulgare germ oil, maris sal, urea, caffeine, tocopherol, fisetin, cholesterol, plankton extract, sodium deoxycholate, raspberry ketone, triglyceride, carnitine hcl, phosphatidylcholine, glyceryl dioleate, propylene glycol, butylene glycol, dimethicone, hydroxyethyl acrylate,sodium acryloyldimethyl taurate copolymer, hydrogenated vegetable oil, ozokerite, dmdm hydantoin, olus oil, cera alba, hydrogenated palm acid, stearyl stearate, synthetic fluorphogopite, polysorbate 60,sorbitan isostearate, caprylic,capric propanediol, potassium sorbate, sodium benzoate, sodium citrate, citric acid, sodium sulfate, sorbic acid, parfum (fragrance),phenoxyethanol, methylparaben, propylparaben, butylparaben, ethylparaben, benzyl alcohol, dehydroacetic acid, xanthan gum, disodium edta, ci 19140,ci 77891,ci 42090."
Tołpa Dermo Face Sebio,"max efekt, złuszczający koncentrat zwężający pory, 75 ml",46,39.99,39.99,/tolpa-max-efekt-zluszczajacy-koncentrat-zwezajacy-pory-75-ml-000000000000362538.html,"Regenerujące,
Złuszczające","Aqua, Polysorbate 20, Propylene Glycol, Ananas Sativus Fruit Extract, Vitis Vinifera Fruit Extract, Peat Extract, Passiflora Edulis Fruit Extract, Capryloyl Glycine, Cinnamomum Zeylanicum Bark Extract, Sarcosine, Sodium Bisulfite, Disodium EDTA, Alcohol Denat., Sodium Hydroxide, Parfum, Hexylene Glycol, Phenoxyethanol, Caprylyl Glycol, Methylpropanediol, Benzoic Acid, Potassium Sorbate.",4.3,75.0,53.32,53.32,Tołpa,0.0,"water, polysorbate 20, propylene glycol, ananas sativus fruit extract, vitis vinifera fruit extract, peat extract, passiflora edulis fruit extract, capryloyl glycine, cinnamomum zeylanicum bark extract, sarcosine, sodium bisulfite, disodium edta, alcohol denat., sodium hydroxide, parfum, hexylene glycol, phenoxyethanol, caprylyl glycol, methylpropanediol, benzoic acid, potassium sorbate."
Tołpa Authentic,"nawilżający krem do twarzy, 40 ml",72,24.99,24.99,/tolpa-nawilzajacy-krem-do-twarzy-40-ml-000000000000387108.html,nawilżający,"Aqua, Squalane, Cetearyl Olivate, Sorbitan Olivate, Cetearyl Alcohol, Peat Extract, Magnesium Aluminum Silicate, Xanthan Gum, Sodium Phytate, Methylpropanediol, Caprylyl Glycol, Benzoic Acid.",3.8,40.0,62.47,62.47,Tołpa,0.0,"water, squalane, cetearyl olivate, sorbitan olivate, cetearyl alcohol, peat extract, magnesium aluminum silicate, xanthan gum, sodium phytate, methylpropanediol, caprylyl glycol, benzoic acid."
beBIO Ewa Chodakowska,"odżywczy krem do twarzy na noc, 50 ml",15,43.99,43.99,/bebio-odzywczy-krem-do-twarzy-na-noc-50-ml-000000000000401458.html,odżywczy,"Aqua,Caprylic/Capric Triglyceride,Butyrospermum Parkii Butter,Glycerin,Glyceryl Stearate Citrate,Macadamia Integrifolia Seed Oil,Glyceryl Stearate,Opuntia Ficus-Indica Seed Oil,Opuntia Ficus-Indica Stem Extract,Cetearyl Alcohol,Sodium Hyaluronate,Hordeum Vulgare Leaf Juice,Aloe Barbadensis Leaf Juice,Tocopherol,Helianthus Annuus Seed Oil,Glyceryl Caprylate,Pentylene Glycol,Xanthan Gum,Sodium PCA,Sodium Phytate,Citric Acid,Sodium Hydroxide,Triethyl Citrate,Caprylyl Glycol,Disodium Phosphate,Sodium Benzoate,Potassium Sorbate,Benzoic Acid,Parfum",4.6,50.0,87.98,87.98,beBIO,0.0,"water, caprylic,capric triglyceride, butyrospermum parkii butter, glycerin, glyceryl stearate citrate, macadamia integrifolia seed oil, glyceryl stearate, opuntia ficus - indica seed oil, opuntia ficus - indica stem extract, cetearyl alcohol, sodium hyaluronate, hordeum vulgare leaf juice, aloe barbadensis leaf juice, tocopherol, helianthus annuus seed oil, glyceryl caprylate, pentylene glycol, xanthan gum, sodium pca, sodium phytate, citric acid, sodium hydroxide, triethyl citrate, caprylyl glycol, disodium phosphate, sodium benzoate, potassium sorbate, benzoic acid, parfum"
Nivea 24h Nawilżenia,"odżywczy krem do twarzy na dzień, 50 ml",8,18.89,25.99,/nivea-odzywczy-krem-do-twarzy-na-dzien-50-ml-000000000000367296.html,odżywczy,"Aqua, Glycerin, Ethylhexyl Salicylate, C12-15 Alkyl Benzoate, Methylpropanediol, Cetearyl Alcohol, Butyl Methoxydibenzoylmethane, Caprylic/Capric Triglyceride, Glyceryl Stearate, Glyceryl Stearate Citrate, Hydroxypropyl Starch Phosphate, Butyrospermum Parkii Butter, Phenylbenzimidazole Sulfonic Acid, Prunus Amygdalus Dulcis Oil, Ethylhexylglycerin, Caprylyl Glycol, Xanthan Gum, Bis-Ethylhexyloxyphenol Methoxyphenyl Triazine, Trisodium EDTA, Sodium Hydroxide, Phenoxyethanol, Parfum",5.0,50.0,51.98,37.78,Nivea,27.318199307425928,"water, glycerin, ethylhexyl salicylate, c12 - 15 alkyl benzoate, methylpropanediol, cetearyl alcohol, butyl methoxydibenzoylmethane, caprylic,capric triglyceride, glyceryl stearate, glyceryl stearate citrate, hydroxypropyl starch phosphate, butyrospermum parkii butter, phenylbenzimidazole sulfonic acid, prunus amygdalus dulcis oil, ethylhexylglycerin, caprylyl glycol, xanthan gum, bis - ethylhexyloxyphenol methoxyphenyl triazine, trisodium edta, sodium hydroxide, phenoxyethanol, parfum"
Lirene,"ochronna emulsja do twarzy z SPF50, 50 ml",162,23.99,23.99,/lirene-ochronna-emulsja-do-twarzy-z-spf50-50-ml-000000000000413417.html,ochrona UV,"Aloe Barbadensis Leaf Juice,Ethylhexyl Methoxycinnamate,Aqua (Water),Dibutyl Adipate,Caprylic/Capric Triglyceride,Diethylamino Hydroxybenzoyl Hexyl Benzoate,Glyceryl Stearate,Methylene Bis-Benzotriazolyl Tetramethylbutylphenol (nano),Glycerin,Cetearyl Alcohol,Pentylene Glycol,PEG-100 Stearate,Dimethicone,Galactoarabinan,Laminaria Ochroleuca Extract,Hydroxyacetophenone,Bis-Ethylhexyloxyphenol Methoxyphenyl Triazine,Acrylates/C12-22 Alkyl Methacrylate Copolymer,Decyl Glucoside,Ethylhexyl Triazone,Xanthan Gum,Arginine,Coco-Glucoside,Sodium Phytate,Propylene Glycol,Disodium Lauryl Sulfosuccinate,Potassium Sorbate,Sodium Benzoate,Parfum (Fragrane),Hexyl Cinnamal,Citronellol,Alpha-Isomethyl Ionone",3.2,50.0,47.98,47.98,Lirene,0.0,"aloe barbadensis leaf juice, ethylhexyl methoxycinnamate, water (water),dibutyl adipate, caprylic,capric triglyceride, diethylamino hydroxybenzoyl hexyl benzoate, glyceryl stearate, methylene bis - benzotriazolyl tetramethylbutylphenol (nano),glycerin, cetearyl alcohol, pentylene glycol, peg-100 stearate, dimethicone, galactoarabinan, laminaria ochroleuca extract, hydroxyacetophenone, bis - ethylhexyloxyphenol methoxyphenyl triazine, acrylates,c12 - 22 alkyl methacrylate copolymer, decyl glucoside, ethylhexyl triazone, xanthan gum, arginine, coco - glucoside, sodium phytate, propylene glycol, disodium lauryl sulfosuccinate, potassium sorbate, sodium benzoate, parfum (fragrane),hexyl cinnamal, citronellol, alpha - isomethyl ionone"
Lirene Sun,"krem-żel z SPF30 do twarzy, 50 ml",58,19.99,19.99,/lirene-krem-zel-z-spf30-do-twarzy-50-ml-000000000000370635.html,ochrona UV,"Aqua (Water),C12-15 Alkyl Benzoate,Dibutyl Adipate,Ethylhexyl Salicylate,Glycerin,Butylene Glycol,Diethylamino Hydroxybenzoyl Hexyl Benzoate,Potassium Cetyl Phosphate,Propanediol,Alcohol Denat.,Methylene Bis-Benzotriazolyl Tetramethylbutylphenol (nano).,Pentylene Glycol,Bis-Ethylhexyloxyphenol Methoxyphenyl Triazine,Acrylates/C12-22 Alkyl Methacrylate Copolymer,Butyrospermum Parkii (Shea) Butter,Cetyl Alcohol,Dimethicone,Glyceryl Stearate,Citrus Aurantium Dulcis (Orange) Fruit Extract,Timonacic,Lecithin,Rosmarinus Officinalis (Rosemary) Leaf Extract,Hydroxyacetophenone,Tocopheryl Acetate,Tocopherol,Helianthus Annuus (Sunflower) Seed Oil,PEG-240/HDİ Copolymer Bis-Decyltetradeceth-20 Ether,Decyl Glucoside,Arginine,Xanthan Gum,Coco-Glucoside,Disodium Lauryl Sulfosuccinate,Propylene Glycol,Potassium Laurate,Hydroxyethylcellulose,Ethylhexylglycerin,Phenoxyethanol,Parfum (Fragrance)",3.8,50.0,39.98,39.98,Lirene,0.0,"water (water),c12 - 15 alkyl benzoate, dibutyl adipate, ethylhexyl salicylate, glycerin, butylene glycol, diethylamino hydroxybenzoyl hexyl benzoate, potassium cetyl phosphate, propanediol, alcohol denat.,methylene bis - benzotriazolyl tetramethylbutylphenol (nano).,pentylene glycol, bis - ethylhexyloxyphenol methoxyphenyl triazine, acrylates,c12 - 22 alkyl methacrylate copolymer, butyrospermum parkii (shea) butter, cetyl alcohol, dimethicone, glyceryl stearate, citrus aurantium dulcis (orange) fruit extract, timonacic, lecithin, rosmarinus officinalis (rosemary) leaf extract, hydroxyacetophenone, tocopheryl acetate, tocopherol, helianthus annuus (sunflower) seed oil, peg-240,hdi̇ copolymer bis - decyltetradeceth-20 ether, decyl glucoside, arginine, xanthan gum, coco - glucoside, disodium lauryl sulfosuccinate, propylene glycol, potassium laurate, hydroxyethylcellulose, ethylhexylglycerin, phenoxyethanol, parfum (fragrance)"
Bandi Hydro Care,"krem odżywczo-nawilżający do twarzy, 50 ml",10,64.99,64.99,/bandi-krem-odzywczo-nawilzajacy-do-twarzy-50-ml-000000000000363878.html,odżywczy,"AQUA/WATER, C13-15 ALKANE, PRUNUS AMYGDALUS DULCIS (SWEET ALMOND) OIL, ETHYLHEXYL STEARATE, GLYCERIN, SORBITAN OLIVATE, BUTYROSPERMUM PARKII (SHEA) BUTTER, TRIPELARGONIN, HYDROLYZED GLYCOSAMINOGLYCANS, POLYGLYCERYL-4 ISOSTEARATE, CETYL PEG/PPG-10/1 DIMETHICONE, TREHALOSE, PANTHENOL, TOCOPHERYL ACETATE, RETINYL PALMITATE, HELIANTHUS ANNUSS SEED OIL , HYALURONIC ACID, TOCOPHEROL, MAGNESIUM SULFATE HEPTAHYDRATE, HEXYL LAURATE, HYDROGENATED CASTOR OIL, PARFUM/FRAGRANCE, METHYLPARABEN, PROPYLPARABEN",4.8,50.0,129.98,129.98,Bandi,0.0,"water,water, c13 - 15 alkane, prunus amygdalus dulcis (sweetalmond) oil, ethylhexyl stearate, glycerin, sorbitan olivate, butyrospermum parkii (shea) butter, tripelargonin, hydrolyzed glycosaminoglycan, polyglyceryl-4 isostearate, cetyl peg,ppg-10/1 dimethicone, trehalose, panthenol, tocopheryl acetate, retinyl palmitate, helianthus annuss seed oil, hyaluronic acid, tocopherol, magnesium sulfate heptahydrate, hexyl laurate, hydrogenated castor oil, parfum,fragrance, methylparaben, propylparaben"
Sensilis Hydra Essence,"nawilżający żel do twarzy, 40 ml",10,99.99,99.99,/sensilis-nawilzajacy-zel-do-twarzy-40-ml-000000000000363658.html,nawilżający,"Składniki aktywne: sok z aloesu, tapioka, kwas hialuronowy, wodny wyciąg masła shea, ekstrakt z granatu, wąkrota azjatycka, lecytyna, witamina C",5.0,40.0,249.97,249.97,Sensilis,0.0,"składniki aktywne: sok z aloesu, tapioka, kwas hialuronowy, wodny wyciąg masła shea, ekstrakt z granatu, wąkrota azjatycka, lecytyna, witamina c"
Emolium Dermocare,"krem na wiatr i mróz SPF20, 75 ml",7,39.99,39.99,/emolium-krem-na-wiatr-i-mroz-spf20-75-ml-000000000000384717.html,ochrona UV,"Aqua,C12-15 Alkyl Benzoate,Titanium Dioxide [nano],Isohexadecane,Caprylic/Capric Triglyceride,PEG-30 Dipolyhydroxystearate,Methylpropanediol,Glycerin,Paraffin,Vitis Vinifera Seed Oil,Silica,Cera Microcristallina,Hydrogenated Castor Oil,Caprylyl Glycol,Isostearic Acid,Magnesium Sulfate,Camelina Sativa Seed Oil,Olus Oil,Retinyl Palmitate,Ascorbyl Palmitate,Ascorbic Acid,PEG-8,Citric Acid,Disodium EDTA,Parfum,Arachis Hypogaea Oil,Tocopherol,Phenylpropanol",3.2999999999999994,75.0,53.32,53.32,Emolium,0.0,"water, c12 - 15 alkyl benzoate, titanium dioxide, nano],isohexadecane, caprylic,capric triglyceride, peg-30 dipolyhydroxystearate, methylpropanediol, glycerin, paraffin, vitis vinifera seed oil, silica, cera microcristallina, hydrogenated castor oil, caprylyl glycol, isostearic acid, magnesium sulfate, camelina sativa seed oil, olus oil, retinyl palmitate, ascorbyl palmitate, ascorbic acid, peg-8,citric acid, disodium edta, parfum, arachis hypogaea oil, tocopherol, phenylpropanol"
Vianek Intensywnie odżywczy,"intensywnie odżywczy krem do twarzy na noc z ekstraktem z szyszek chmielu, 50 ml",17,26.99,26.99,/vianek-odzywczy-krem-do-twarzy-na-noc-50ml-000000000000293771.html,odżywczy,"Aqua,Glycine Soja Oil,Prunus Armeniaca Kernel Oil,Sorbitan Stearate,Sucrose Cocoate,Hippophae Rhamnoides Oil,Glyceryl Stearate,Glycerin,Humulus Lupulus Cone Extract,Mel Extract,Persea Gratissima Butter,Lecithin,Stearic Acid,Cetearyl Alcohol,Cera Alba,Tocopheryl Acetate,Xanthan Gum,Benzyl Alcohol,Parfum,Dehydroacetic Acid,Benzyl Salicylate,Linalool,Coumarin,Hexyl Cinnamal",4.3,50.0,53.98,53.98,Vianek,0.0,"water, glycine soja oil, prunus armeniaca kernel oil, sorbitan stearate, sucrose cocoate, hippophae rhamnoides oil, glyceryl stearate, glycerin, humulus lupulus cone extract, mel extract, persea gratissima butter, lecithin, stearic acid, cetearyl alcohol, cera alba, tocopheryl acetate, xanthan gum, benzyl alcohol, parfum, dehydroacetic acid, benzyl salicylate, linalool, coumarin, hexyl cinnamal"
Revuele,"przeciwzmarszczkowy krem-żel do twarzy, 100 ml",9,18.99,18.99,/revuele-przeciwzmarszczkowy-krem-zel-do-twarzy-100-ml-000000000000407563.html,przeciwzmarszczkowy,"Water / Aqua, Glycerin, Urea, Provitamin B5 / Panthenol, Kiwi Fruit Extract / Actinidia Chinensis Fruit Extract, Butylene Glycol, Caffeine, Vitamin C / Sodium Ascorbyl Phosphate, Phenoxyethanol, Acrylates/C10-30 Alkyl Acrylate Crosspolymer, Triethanolamine, Polysorbate 20, Disodium EDTA, Fragrance / Parfum, Tartrazine / CI 19140, Brilliant Blue / CI 42090, Hexyl Cinnamal, Linalool, Citronellol, Limonene.",4.3,100.0,18.99,18.99,Revuele,0.0,"water,water, glycerin, urea, provitamin b5,panthenol, kiwi fruit extract,actinidia chinensis fruit extract, butylene glycol, caffeine, vitamin c,sodium ascorbyl phosphate, phenoxyethanol, acrylates,c10 - 30 alkyl acrylate crosspolymer, triethanolamine, polysorbate 20, disodium edta, fragrance,parfum, tartrazine,ci 19140, brilliant blue,ci 42090, hexyl cinnamal, linalool, citronellol, limonene."
Benia III Bioactive Refreshing Vital,"odżywczy krem do twarzy do wszystkich rodzajów skóry, 50 ml",10,150.0,180.0,/benia-iii-odzywczy-krem-do-twarzy-do-wszystkich-rodzajow-skory-50-ml-43903707.html,odżywczy,"Woda; Gliceryna; Biosaccharide Gum-1; Caprylic/Capric Triglyceride; Glikol butylenowy; Camellia Japonica Seed Oil; Arachidyl Alcohol; Behenyl Alcohol; Arachidyl Glucoside; Cetyl Ethylhexanoate; Butyrospermum Parkii Butter; Argania Spinosa Kernel Oil; Spent Grain Wax; Tocopherol; Niacinamide; Cetearyl Olivate; Sorbitan Olivate; Microcrystalline Wax; Saccharomyces/Camellia Japonica Seed Oil/Glycerin Ferment Filtrate; Saccharomyces/Moringa Oleifera Seed Oil/Glycerin Ferment Filtrate; Saccharomyces/Borago Officinalis Seed Oil/Glycerin Ferment Filtrate; 1,2-Hexanediol; Squalane; Portulaca Oleracea Extract; Phytosphingosine; Ceramide 3; Hydrogenated Lecithin; Cholesterol; Stearic Acid; Oleic Acid; C8-12 Acid Triglyceride; Lactic Acid; Silica; Dimethicone; Hydroxyacetophenone; Glyceryl Stearate SE; Tocopheryl Acetate; Psidium Guajava Leaf Extract; Rosa Centifolia Flower Extract; Camellia Sinensis Leaf Extract; Artemisia Vulgaris Extract; Morus Alba Leaf Extract; Vitis Vinifera Seed Extract; Saccharomyces Ferment Filtrate; parfum; Saccharide Isomerate; Citric acid; Sodium Citrate; Carbomer; Tromethamine; Adenosine; Disodium EDTA; Panthenol; Ascorbyl Tetraisopalmitate;",5.0,50.0,360.0,300.0,Benia III,16.666666666666664,"woda ; gliceryna ; biosaccharide gum-1 ; caprylic,capric triglyceride ; glikol butylenowy ; camellia japonica seed oil ; arachidyl alcohol ; behenyl alcohol ; arachidyl glucoside ; cetyl ethylhexanoate ; butyrospermum parkii butter ; argania spinosa kernel oil ; spent grain wax ; tocopherol ; niacinamide ; cetearyl olivate ; sorbitan olivate ; microcrystalline wax ; saccharomyces,camellia japonica seed oil,glycerin ferment filtrate ; saccharomyces,moringa oleifera seed oil,glycerin ferment filtrate ; saccharomyces,borago officinalis seed oil,glycerin ferment filtrate ; 1,2 - hexanediol ; squalane ; portulaca oleracea extract ; phytosphingosine ; ceramide 3 ; hydrogenated lecithin ; cholesterol ; stearic acid ; oleic acid ; c8 - 12 acid triglyceride ; lactic acid ; silica ; dimethicone ; hydroxyacetophenone ; glyceryl stearate se ; tocopheryl acetate ; psidium guajava leaf extract ; rosa centifolia flower extract ; camellia sinensis leaf extract ; artemisia vulgaris extract ; morus alba leaf extract ; vitis vinifera seed extract ; saccharomyces ferment filtrate ; parfum ; saccharide isomerate ; citric acid ; sodium citrate ; carbomer ; tromethamine ; adenosine ; disodium edta ; panthenol ; ascorbyl tetraisopalmitate ;"
Bioderma Photoderm Créme,"krem do cery suchej z SPF50, 40 ml",10,79.99,79.99,/bioderma-krem-do-cery-suchej-z-spf50-40-ml-000000000000436603.html,ochrona UV,"AQUA/WATER/EAU, DICAPRYLYL CARBONATE, OCTOCRYLENE, METHYLENE BIS-BENZOTRIAZOLYL TETRAMETHYLBUTYLPHENOL [NANO], BUTYL METHOXYDIBENZOYLMETHANE, GLYCERIN, METHYL METHACRYLATE CROSSPOLYMER, CYCLOHEXASILOXANE, CYCLOPENTASILOXANE, BIS-ETHYLHEXYLOXYPHENOL METHOXYPHENYL TRIAZINE, GLYCERYL STEARATE CITRATE, POTASSIUM CETYL PHOSPHATE, TITANIUM DIOXIDE (CI 77891), METHYLPROPANEDIOL, POLYMETHYLSILSESQUIOXANE, DECYL GLUCOSIDE, HDI/TRIMETHYLOL HEXYLLACTONE CROSSPOLYMER, IRON OXIDES (CI 77492), PENTYLENE
GLYCOL, MICROCRYSTALLINE CELLULOSE, C30-45 ALKYL CETEARYL DIMETHICONE CROSSPOLYMER, 1,2-HEXANEDIOL, CAPRYLYL GLYCOL, DISODIUM EDTA, XANTHAN GUM, IRON OXIDES (CI 77491), MANNITOL, XYLITOL, CITRIC ACID, HYDROGENATED LECITHIN, CELLULOSE GUM, RHAMNOSE, PROPYLENE GLYCOL, IRON OXIDES (CI 77499), ECTOIN, TOCOPHEROL, ALUMINA, MAGNESIUM OXIDE. [BI 640]",4.6,40.0,199.98,199.98,Bioderma,0.0,"water,water,eau, dicaprylyl carbonate, octocrylene, methylene bis - benzotriazolyl tetramethylbutylphenol, nano ], butyl methoxydibenzoylmethane, glycerin, methyl methacrylate crosspolymer, cyclohexasiloxane, cyclopentasiloxane, bis - ethylhexyloxyphenol methoxyphenyl triazine, glyceryl stearate citrate, potassium cetyl phosphate, titanium dioxide (ci77891), methylpropanediol, polymethylsilsesquioxane, decyl glucoside, hdi,trimethylol hexyllactone crosspolymer, iron oxides (ci77492), pentylene 
 glycol, microcrystalline cellulose, c30 - 45 alkyl cetearyl dimethicone crosspolymer, 1,2 - hexanediol, caprylyl glycol, disodium edta, xanthan gum, iron oxides (ci77491), mannitol, xylitol, citric acid, hydrogenated lecithin, cellulose gum, rhamnose, propylene glycol, iron oxides (ci77499), ectoin, tocopherol, alumina, magnesium oxide., bi 640 ]"
Uzdrovisco Rokitnik,"całodniowy krem nawadniający, 50 ml",20,32.99,54.99,/uzdrovisco-calodniowy-krem-nawadniajacy-50-ml-000000000000363257.html,nawilżający,"INCI: Aqua/Water, C13-15 Alkane, Butyrospermum Parkii (Shea) Butter, Propanediol, Tripelargonin, Squalane, Trehalose, Cetearyl Alcohol, Glyceryl Stearate, Maltodextrin, Hippophae Rhamnoides Kernel Extract, Hyaluronic Acid, Sodium Carrageenan, Maris Salt, Sodium Stearoyl Glutamate, Caesalpinia Spinosa Gum, Caprylyl Glycol, Citric Acid, Parfum/ Fragrance, Hydroxyacetophenone, 1,2-Hexanediol, Phenoxyethanol",3.7,50.0,109.98,65.98,Uzdrovisco,40.00727404982724,"inci: water,water, c13 - 15 alkane, butyrospermum parkii (shea) butter, propanediol, tripelargonin, squalane, trehalose, cetearyl alcohol, glyceryl stearate, maltodextrin, hippophae rhamnoides kernel extract, hyaluronic acid, sodium carrageenan, maris salt, sodium stearoyl glutamate, caesalpinia spinosa gum, caprylyl glycol, citric acid, parfum/ fragrance, hydroxyacetophenone, 1,2 - hexanediol, phenoxyethanol"
Tołpa Holistic,"wygładzający krem przeciwzmarszczkowy do twarzy SPF20, 40 ml",16,49.99,49.99,/tolpa-wygladzajacy-krem-przeciwzmarszczkowy-do-twarzy-spf20-40-ml-000000000000377204.html,przeciwzmarszczkowy,"Aqua, Ethylhexyl Methoxycinnamate, Diethylamino Hydroxybenzoyl Hexyl Benzoate, Coco-Caprylate, Cetearyl Alcohol, Glycerin, Peat Extract, Ceteareth-20, Azelaic Acid, Sodium Hyaluronate, Rhodiola Rosea Root Extract, Phytosterols, Lecithin, Hydrolyzed Algin, Hyaluronic Acid, Tocopherol, Caprylic/Capric Triglyceride, Carbomer, Sodium Polyacrylate, Xanthan Gum, Alcohol, Pentylene Glycol, Sodium Hydroxide, Tetrasodium EDTA, Parfum, Phenoxyethanol, Caprylyl Glycol, Methylpropanediol, Benzoic Acid, Potassium Sorbate, Ethylhexylglycerin.",4.6,40.0,124.98,124.98,Tołpa,0.0,"water, ethylhexyl methoxycinnamate, diethylamino hydroxybenzoyl hexyl benzoate, coco - caprylate, cetearyl alcohol, glycerin, peat extract, ceteareth-20, azelaic acid, sodium hyaluronate, rhodiola rosea root extract, phytosterol, lecithin, hydrolyzed algin, hyaluronic acid, tocopherol, caprylic,capric triglyceride, carbomer, sodium polyacrylate, xanthan gum, alcohol, pentylene glycol, sodium hydroxide, tetrasodium edta, parfum, phenoxyethanol, caprylyl glycol, methylpropanediol, benzoic acid, potassium sorbate, ethylhexylglycerin."
Bioderma Hydrabio Perfecteur,"nawilżający krem do twarzy z SPF30, 40 ml",14,69.99,109.99,/bioderma-nawilzajacy-krem-do-twarzy-40ml-000000000000286335.html,nawilżający,"AQUA/WATER/EAU, GLYCERIN, OCTOCRYLENE, ETHYLHEXYL SALICYLATE, CYCLOPENTASILOXANE, DIMETHICONE, DIPROPYLENE GLYCOL, BUTYL METHOXYDIBENZOYLMETHANE, CETYL ALCOHOL, POLYMETHYLSILSESQUIOXANE, NIACINAMIDE, PHENYLBENZIMIDAZOLE SULFONIC ACID, STYRENE/ACRYLATES COPOLYMER, ARACHIDYL ALCOHOL, HDI/TRIMETHYLOL HEXYLLACTONE CROSSPOLYMER, ARGININE, CYCLOHEXASILOXANE, BEHENYL ALCOHOL, C30-45 ALKYL CETEARYL DIMETHICONE CROSSPOLYMER, MICA (CI 77019), HYDROXYETHYL ACRYLATE/SODIUM ACRYLOYLDIMETHYL TAURATE COPOLYMER, PENTYLENE GLYCOL, TOCOPHERYL ACETATE, ARACHIDYL GLUCOSIDE, TITANIUM DIOXIDE (CI 77891), DISODIUM EDTA, PEG-8 LAURATE, SALICYLIC ACID, MANNITOL, XYLITOL, HEXYLDECANOL, SODIUM HYDROXIDE, RHAMNOSE, POLYSORBATE 60, SORBITAN ISOSTEARATE, PYRUS MALUS (APPLE) SEED EXTRACT, BRASSICA CAMPESTRIS (RAPESEED) STEROLS, RED 33 (CI 17200), TOCOPHEROL, FRAGRANCE (PARFUM).",4.200000000000001,40.0,274.97,174.98,Bioderma,36.366942449313576,"water,water,eau, glycerin, octocrylene, ethylhexyl salicylate, cyclopentasiloxane, dimethicone, dipropylene glycol, butyl methoxydibenzoylmethane, cetyl alcohol, polymethylsilsesquioxane, niacinamide, phenylbenzimidazole sulfonic acid, styrene,acrylates copolymer, arachidyl alcohol, hdi,trimethylol hexyllactone crosspolymer, arginine, cyclohexasiloxane, behenyl alcohol, c30 - 45 alkyl cetearyl dimethicone crosspolymer, mica (ci77019), hydroxyethyl acrylate,sodium acryloyldimethyl taurate copolymer, pentylene glycol, tocopheryl acetate, arachidyl glucoside, titanium dioxide (ci77891), disodium edta, peg-8 laurate, salicylic acid, mannitol, xylitol, hexyldecanol, sodium hydroxide, rhamnose, polysorbate 60, sorbitan isostearate, pyrus malus (apple) seed extract, brassica campestris (rapeseed) sterols, red 33 (ci17200), tocopherol, fragrance (parfum)."
Revuele Retinol Multi-Active,"krem do twarzy na dzień, 50 ml",7,15.99,15.99,/revuele-krem-do-twarzy-na-dzien-50-ml-000000000000413436.html,Odżywcze,"Water / Aqua, Octocrylene, Cetearyl Alcohol, Polysorbate-20, Ceteareth-20, Glyceryl Stearate, Shea Butter / Butyrospermum Parkii Butter, Titanium Dioxide, Phenoxyethanol, Acrylates/C10-30 Alkyl Acrylate Crosspolymer, Triethanolamine, Vitamin E Acetate / Tocopheryl Acetate, Vitamin A Palmitate / Retinyl Palmitate, Pea Extract / Pisum Sativum Extract, Vitamin C / Ascorbic Acid, Bisabolol, Fragrance / Parfum, Disodium EDTA, Benzyl Alcohol, Potassium Sorbate, Sodium Benzoate, Butylated Hydroxytoluene / BHT, Linalool, Benzyl Salicylate, Limonene.",5.0,50.0,31.98,31.98,Revuele,0.0,"water,water, octocrylene, cetearyl alcohol, polysorbate-20, ceteareth-20, glyceryl stearate, shea butter,butyrospermum parkii butter, titanium dioxide, phenoxyethanol, acrylates,c10 - 30 alkyl acrylate crosspolymer, triethanolamine, vitamin e acetate,tocopheryl acetate, vitamin a palmitate,retinyl palmitate, pea extract,pisum sativum extract, vitamin c,ascorbic acid, bisabolol, fragrance,parfum, disodium edta, benzyl alcohol, potassium sorbate, sodium benzoate, butylated hydroxytoluene,bht, linalool, benzyl salicylate, limonene."
Bioderma Photoderm AKN Mat,"krem do cery tłustej, mieszanej i trądzikowej z SPF30, 40 ml",12,79.99,79.99,/bioderma-krem-do-cery-tlustej-mieszanej-i-tradzikowej-z-spf30-40-ml-000000000000437487.html,ochrona UV,"AQUA/WATER/EAU, DICAPRYLYL CARBONATE, OCTOCRYLENE, METHYLENE BIS-BENZOTRIAZOLYL TETRAMETHYLBUTYLPHENOL [NANO], BUTYL METHOXYDIBENZOYLMETHANE, GLYCERIN, METHYL METHACRYLATE CROSSPOLYMER, CYCLOHEXASILOXANE, CYCLOPENTASILOXANE, BIS-ETHYLHEXYLOXYPHENOL METHOXYPHENYL TRIAZINE, POLYMETHYLSILSESQUIOXANE, METHYLPROPANEDIOL, HDI/TRIMETHYLOL HEXYLLACTONE CROSSPOLYMER, C20-22 ALKYL PHOSPHATE, C20-22 ALCOHOLS, DECYL GLUCOSIDE, GLYCERYL STEARATE CITRATE, PENTYLENE GLYCOL, MICROCRYSTALLINE CELLULOSE, C30-45 ALKYL CETEARYL DIMETHICONE CROSSPOLYMER, 1,2-HEXANEDIOL, CAPRYLYL GLYCOL, DISODIUM EDTA, XANTHAN GUM, MANNITOL, XYLITOL, SODIUM HYDROXIDE, CELLULOSE GUM, RHAMNOSE, PROPYLENE GLYCOL, CITRIC ACID, ECTOIN, TOCOPHEROL. [BI 642]",4.9,40.0,199.98,199.98,Bioderma,0.0,"water,water,eau, dicaprylyl carbonate, octocrylene, methylene bis - benzotriazolyl tetramethylbutylphenol, nano ], butyl methoxydibenzoylmethane, glycerin, methyl methacrylate crosspolymer, cyclohexasiloxane, cyclopentasiloxane, bis - ethylhexyloxyphenol methoxyphenyl triazine, polymethylsilsesquioxane, methylpropanediol, hdi,trimethylol hexyllactone crosspolymer, c20 - 22 alkyl phosphate, c20 - 22 alcohols, decyl glucoside, glyceryl stearate citrate, pentylene glycol, microcrystalline cellulose, c30 - 45 alkyl cetearyl dimethicone crosspolymer, 1,2 - hexanediol, caprylyl glycol, disodium edta, xanthan gum, mannitol, xylitol, sodium hydroxide, cellulose gum, rhamnose, propylene glycol, citric acid, ectoin, tocopherol., bi 642 ]"
Solverx Rosacea,"krem do twarzy, 50 ml",23,47.99,47.99,/solverx-krem-do-twarzy-50-ml-000000000000411801.html,Wzmacniające naczynka,"Aqua, Isopropyl Myristate, Nigella Sativa (Black Seed) Seed Oil, Rosa Canina (Fruit) Oil, Cetearyl Alcohol, PEG 8, Zinc Oxide, Ceteareth-20, Ginkgo Biloba Leaf Extract, Kaolin, Azelaic Acid, Lactobionic Acid, Niacinamide, Glycerin, Hamamaelis Virginiana Leaf Extract, Panthenol, Glyceryl Stearate, Sodium Benzoate, Potassium Sorbate, Polyacrylate-13, Polyisobutene, Polysorbate 20, Disodium EDTA.",4.8,50.0,95.98,95.98,Solverx,0.0,"water, isopropyl myristate, nigella sativa (blackseed) seed oil, rosa canina (fruit) oil, cetearyl alcohol, peg 8, zinc oxide, ceteareth-20, ginkgo biloba leaf extract, kaolin, azelaic acid, lactobionic acid, niacinamide, glycerin, hamamaelis virginiana leaf extract, panthenol, glyceryl stearate, sodium benzoate, potassium sorbate, polyacrylate-13, polyisobutene, polysorbate 20, disodium edta."
Cetaphil,"krem nawilżający do twarzy na noc, 48 ml",5,71.99,71.99,/cetaphil-krem-nawilzajacy-do-twarzy-na-noc-48-ml-000000000000384526.html,nawilżający,"Aqua, Hydrogenated Poly(C6-14 Olefin), Caprylic/Capric Triglyceride, Dimethicone, Glycerin, Butylene Glycol, Cetearyl Olivate, Sorbitan Olivate, Cyclopentasiloxane, 1,2-Hexanediol, Ascorbyl Palmitate, Caprylyl Glycol, Cetearyl Alcohol, Cetearyl Methicone, Citric Acid, Glyceryl Stearate, Hydrolyzed Hyaluronic Acid, Isohexadecane, Isopropyl Lauroyl Sarcosinate, Leuconostoc/Radish Root Ferment Filtrate, Linoleic Acid, Lycopene, Marrubium Vulgare Extract, Olea Europaea Fruit Oil, Peg-100 Stearate, Peg-40 Stearate, Phenoxyethanol, Phospholipids, Polymethylsilsesquioxane, Retinyl Palmitate, Sodium Benzoate, Sodium Polyacrylate, Steareth-2, Steareth-21, Tocopheryl Acetate. FIL.1408.V00",5.0,48.0,149.98,149.98,Cetaphil,0.0,"water, hydrogenated poly(c6-14olefin), caprylic,capric triglyceride, dimethicone, glycerin, butylene glycol, cetearyl olivate, sorbitan olivate, cyclopentasiloxane, 1,2 - hexanediol, ascorbyl palmitate, caprylyl glycol, cetearyl alcohol, cetearyl methicone, citric acid, glyceryl stearate, hydrolyzed hyaluronic acid, isohexadecane, isopropyl lauroyl sarcosinate, leuconostoc,radish root ferment filtrate, linoleic acid, lycopene, marrubium vulgare extract, olea europaea fruit oil, peg-100 stearate, peg-40 stearate, phenoxyethanol, phospholipid, polymethylsilsesquioxane, retinyl palmitate, sodium benzoate, sodium polyacrylate, steareth-2, steareth-21, tocopheryl acetate. fil.1408.v00"
Bandi Boost Care,"nawilżający krem do twarzy, szyi i dekoltu z kwasem hialuronowym, 50 ml",40,49.99,49.99,/bandi-nawilzajacy-krem-do-twarzy-szyi-i-dekoltu-z-kwasem-hialuronowym-50-ml-000000000000301913.html,nawilżający,"Aqua/Water, Glycerin, Isohexadecane, Cyclopentasiloxane, Argania Spinosa Kernel Oil, Panthenol, Pentaerythrityl Distearate, Shea Butter Ethyl Esters, Cetearyl Alcohol, Stearic Acid, Cyclohexasiloxane, Hyaluronic Acid, Pueraria Lobata Root Extract, Sodium Carrageenan, Maris Sal/Sea Salt, Disodium EDTA, Sodium Hydroxide, Sodium Stearoyl Glutamate, Sodium Polyacrylate, Butylene Glycol, Dimethicone Crosspolymer, Pentylene Glycol, Parfum/Fragrance, Phenoxyethanol, Ethylhexylglycerin, Alpha-Isomethyl Ionone, Coumarin, Linalool",4.6,50.0,99.98,99.98,Bandi,0.0,"water,water, glycerin, isohexadecane, cyclopentasiloxane, argania spinosa kernel oil, panthenol, pentaerythrityl distearate, shea butter ethyl esters, cetearyl alcohol, stearic acid, cyclohexasiloxane, hyaluronic acid, pueraria lobata root extract, sodium carrageenan, maris sal,sea salt, disodium edta, sodium hydroxide, sodium stearoyl glutamate, sodium polyacrylate, butylene glycol, dimethicone crosspolymer, pentylene glycol, parfum,fragrance, phenoxyethanol, ethylhexylglycerin, alpha - isomethyl ionone, coumarin, linalool"
Dermika Gold 24k,"krem do twarzy rekonstruktor młodości na dzień i noc 65+, 50 ml",6,79.99,119.99,/dermika-krem-do-twarzy-65-50ml-000000000000231363.html,przeciwzmarszczkowy,"Aqua,Persea Gratissima Oil,Glycerin,Propylene Glycol Dicaprylate/Dicaprate,Ethylhexyl Stearate,Macadamia Integrifolia Seed Oil,Propylene Glycol,Glyceryl Stearate,Pentaerythrityl Distearate,Cetyl Alcohol,Glyceryl Stearate Citrate,Phytosterols,Olea Europaea Fruit Oil,Chlorella Vulgaris Extract,Laminaria Ochroleuca Extract,Tocopherol,Ascorbyl Palmitate,Artemia Extract,Tocopheryl Acetate,Palmitoyl Dipeptide-5 Diaminobutyroyl Hydroxythreonine,Palmitoyl Tripeptide-5,Tetradecyl Aminobutyroylvalylaminobutyric Urea Trifluoroacetate,Ascorbic Acid,Glucose,Caprylic/Capric Triglyceride,Dimethicone,Sodium Polyacrylate,Disodium EDTA,PEG-8,Sorbitan Oleate,Magnesium Chloride,Citric Acid,Diazolidinyl Urea,Methylparaben,Propylparaben,Phenoxyethanol,Potassium Sorbate,Parfum,Benzyl Salicylate,Linalool,Alpha Isomethyl Ionone,Citronellol,Limonene,Gold,CI 77400,CI 77820",5.0,50.0,239.98,159.98,Dermika,33.336111342611886,"water, persea gratissima oil, glycerin, propylene glycol dicaprylate,dicaprate, ethylhexyl stearate, macadamia integrifolia seed oil, propylene glycol, glyceryl stearate, pentaerythrityl distearate, cetyl alcohol, glyceryl stearate citrate, phytosterols, olea europaea fruit oil, chlorella vulgaris extract, laminaria ochroleuca extract, tocopherol, ascorbyl palmitate, artemia extract, tocopheryl acetate, palmitoyl dipeptide-5 diaminobutyroyl hydroxythreonine, palmitoyl tripeptide-5,tetradecyl aminobutyroylvalylaminobutyric urea trifluoroacetate, ascorbic acid, glucose, caprylic,capric triglyceride, dimethicone, sodium polyacrylate, disodium edta, peg-8,sorbitan oleate, magnesium chloride, citric acid, diazolidinyl urea, methylparaben, propylparaben, phenoxyethanol, potassium sorbate, parfum, benzyl salicylate, linalool, alpha isomethyl ionone, citronellol, limonene, gold, ci 77400,ci 77820"
Vichy Aqualia Thermal,"odżywczy krem nawilżający do skóry suchej i bardzo suchej, 50 ml",7,121.99,121.99,/vichy-krem-do-twarzy-50ml-000000000000302634.html,odżywczy,688917 38 - INGREDIENTS: AQUA / WATER • GLYCERIN • ISOPROPYL PALMITATE • PROPANEDIOL • CETEARYL ALCOHOL • ALCOHOL DENAT. • CETYL ESTERS • BUTYROSPERMUM PARKII BUTTER / SHEA BUTTER • PENTYLENE GLYCOL • MANNOSE • POLYGLYCERYL-3 METHYLGLUCOSE DISTEARATE • SODIUM POLYACRYLATE • SODIUM PCA • SALICYLIC ACID • SODIUM HYALURONATE • CAPRYLYL GLYCOL • CITRIC ACID • PARFUM / FRAGRANCE (F.I.L. B220169/1).,4.7,50.0,243.98,243.98,Vichy,0.0,"688917 38 - ingredient: water,water,glycerin,isopropyl palmitate,propanediol,cetearyl alcohol,alcohol denat.,cetyl esters,butyrospermum parkii butter,shea butter,pentylene glycol,mannose,polyglyceryl-3 methylglucose distearate,sodium polyacrylate,sodium pca,salicylic acid,sodium hyaluronate,caprylyl glycol,citric acid,parfum,fragrance (f.i.l.b220169/1)."
Pharmaceris N Capinon K 1%,"krem z witaminą K uszczelniającą naczynka, 30 ml",8,73.99,73.99,/pharmaceris-krem-z-witamina-k-uszczelniajaca-naczynka-30-ml-000000000000264706.html,Wzmacniające naczynka,"Witamina K* – odpowiada za prawidłowy proces krzepnięcia krwi. Witamina K przyspiesza proces gojenia się podskórnych wybroczyn, wynaczynień, siniaków, czy zaczerwienień i widocznych, popękanych i rozszerzonych naczynek powstających na skutek mechanicznego lub fizycznego uszkodzenia ścian naczyń krwionośnych. *epoxy (tlenek)",4.7,30.0,246.63,246.63,Pharmaceris,0.0,"witamina k * – odpowiada za prawidłowy proce krzepnięcia krwi. witamina k przyspiesza proce gojenia się podskórnych wybroczyn, wynaczynień, siniaków, czy zaczerwienień i widocznych, popękanych i rozszerzonych naczynek powstających na skutek mechanicznego lub fizycznego uszkodzenia ścian naczyń krwionośnych. * epoxy (tlenek)"
Bandi Medical Expert Anti Dark Spot,"emulsja silnie rozjaśniająca przebarwienia na twarzy, 50 ml",7,79.99,79.99,/bandi-emulsja-silnie-rozjasniajaca-przebarwienia-na-twarzy-50-ml-000000000000428284.html,"Nawilżające,
Rozjaśniające","Aqua/Water, Cyclopentasiloxane, Macadamia Integrifolia Seed Oil, Decyl Cocoate, Glycerin, Squalane, , Niacinamide, Panthenol, Tranexamic acid, Dimethicone Crosspolymer, Arachidyl Alcohol, Allantoin, Boerhavia Diffusa Root Extract, Dimethicone, Polysilicone-11, Propanediol, Ethylhexyl Hydroxystearate, Behenyl Alcohol, Pentaerythrityl Distearate, Butylene Glycol, Sodium Stearoyl Glutamate, Sodium Polyacrylate, Arachidyl Glucoside, Silica, Isoceteth-10, Decyl Glucoside, Caprylyl Glycol, Parfum/Fragrance, 1,2-Hexanediol, Hydroxyacetophenone",4.7,50.0,159.98,159.98,Bandi,0.0,"water,water, cyclopentasiloxane, macadamia integrifolia seed oil, decyl cocoate, glycerin, squalane, , niacinamide, panthenol, tranexamic acid, dimethicone crosspolymer, arachidyl alcohol, allantoin, boerhavia diffusa root extract, dimethicone, polysilicone-11, propanediol, ethylhexyl hydroxystearate, behenyl alcohol, pentaerythrityl distearate, butylene glycol, sodium stearoyl glutamate, sodium polyacrylate, arachidyl glucoside, silica, isoceteth-10, decyl glucoside, caprylyl glycol, parfum,fragrance, 1,2 - hexanediol, hydroxyacetophenone"
Tołpa Estetic,"krem stymulujący nocną regenerację, 40 ml",9,54.99,54.99,/tolpa-krem-stymulujacy-nocna-regeneracje-40ml-000000000000300094.html,"Nawilżające,
Regenerujące","Aqua, Butyrospermum Parkii Butter, Caprylyl Caprylate/Caprate, Cetearyl Alcohol, Caprylic/Capric Triglyceride, Gluconolactone, Tranexamic Acid, Lactic Acid, Glyceryl Stearate Citrate, Parfum, Ceteareth-20, Aluminum Starch Octenylsuccinate, Sodium Polyacrylate, Peat Extract, Triticum Vulgare Germ Extract, Saccharomyces Cerevisiae Extract, Sodium Hyaluronate, Panthenol, Pantolactone, Tocopherol, Glycerin, Ethylhexylglycerin, Hydroxyethylcellulose, Hydroxyethyl Acrylate/Sodium Acryloyldimethyl Taurate Copolymer, Polysorbate 60, Sorbitan Isostearate, Disodium Cocoamphodiacetate, PVP, Sodium Metabisulfite, Tetrasodium EDTA, Methylpropanediol, Caprylyl Glycol, Benzoic Acid, Benzyl Alcohol, Salicylic Acid, Sorbic Acid, Phenoxyethanol.",4.4,40.0,137.48,137.48,Tołpa,0.0,"water, butyrospermum parkii butter, caprylyl caprylate,caprate, cetearyl alcohol, caprylic,capric triglyceride, gluconolactone, tranexamic acid, lactic acid, glyceryl stearate citrate, parfum, ceteareth-20, aluminum starch octenylsuccinate, sodium polyacrylate, peat extract, triticum vulgare germ extract, saccharomyce cerevisiae extract, sodium hyaluronate, panthenol, pantolactone, tocopherol, glycerin, ethylhexylglycerin, hydroxyethylcellulose, hydroxyethyl acrylate,sodium acryloyldimethyl taurate copolymer, polysorbate 60, sorbitan isostearate, disodium cocoamphodiacetate, pvp, sodium metabisulfite, tetrasodium edta, methylpropanediol, caprylyl glycol, benzoic acid, benzyl alcohol, salicylic acid, sorbic acid, phenoxyethanol."
Nacomi Next Level,"nawilżający krem do twarzy SPF50 basic, 50 ml",322,23.99,36.99,/nacomi-nawilzajacy-krem-do-twarzy-spf50-basic-50-ml-000000000000385252.html,nawilżający,"Aqua, Bis-Ethylhexyloxyphenol Methoxyphenyl Triazine, Glycerin, Cetearyl Alcohol, Cetyl Alcohol, Glyceryl Stearate, Olea Europaea Fruit Oil, Coco-Caprylate/Caprate, Hydrogenated Dimer Dilinoleyl / Dimethylcarbonate Copolymer, Hydrogenated Farnesene, Propylheptyl Caprylate, Acrylates/C12-22 Alkyl Methacrylate Copolymer, Stearic Acid, Titanium Dioxide, Passiflora Incarnata Seed Oil, Polyglyceryl-3 PCA, Hydrolyzed Glycosaminoglycans, Hyaluronic Acid, Hydrolyzed Hyaluronic Acid, Sodium Hyaluronate Crosspolymer, Sodium Hyaluronate, Camellia Sinensis Leaf Extract, Glycine Soja Oil, Tocopherol, Sodium Lauroyl Glutamate, Arginine, Coco-Glucoside, Disodium Lauryl Sulfosuccinate, Raspberry Ketone, Dehydroacetic Acid, Alumina, Parfum, Citric Acid, Benzyl Alcohol, Propanediol, Sodium Benzoate, Ethylhexylglycerin, Benzyl Glycol.
NOWY: Aqua, Diethylamino Hydroxybenzoyl Hexyl Benzoate, Bis-Ethylhexyloxyphenol Methoxyphenyl Triazine, Ethylhexyl Triazone, Glycerin, Cetyl Alcohol, Cetearyl Alcohol, Glyceryl Stearate, Methylene Bis-Benzotriazolyl Tetramethylbutylphenol, Coco-Caprylate/Caprate, Isopropyl Myristate, Propylheptyl Caprylate, Hydrogenated Farnesene, Olea Europaea Fruit Oil, Stearic Acid, Sodium Lauroyl Glutamate, Passiflora Incarnata Seed Oil, Camellia Sinensis Leaf Extract, Linum Usitatissimum Seed Extract, Althaea Officinalis Root Extract, Prunus Amygdalus Dulcis Fruit Extract, Hydrolyzed Glycosaminoglycans, Sodium Hyaluronate, Hyaluronic Acid, Hydrolyzed Hyaluronic Acid, Sodium Hyaluronate Crosspolymer, Tocopherol, Glycine Soja Oil, Potato Starch Modified, Polyglyceryl-3 PCA, Decyl Glucoside, Zea Mays Starch, Propanediol, Tocopheryl Acetate, Dehydroacetic Acid, Xanthan Gum, Propylene Glycol, Citric Acid, Parfum, Raspberry Ketone, Potassium Sorbate, Sodium Benzoate, Benzyl Glycol, Phenoxyethanol, Ethylhexylglycerin, Benzyl Alcohol.",3.5,50.0,73.98,47.98,Nacomi,35.14463368477968,"water, bis - ethylhexyloxyphenol methoxyphenyl triazine, glycerin, cetearyl alcohol, cetyl alcohol, glyceryl stearate, olea europaea fruit oil, coco - caprylate,caprate, hydrogenated dimer dilinoleyl,dimethylcarbonate copolymer, hydrogenate farnesene, propylheptyl caprylate, acrylates,c12 - 22 alkyl methacrylate copolymer, stearic acid, titanium dioxide, passiflora incarnata seed oil, polyglyceryl-3 pca, hydrolyzed glycosaminoglycans, hyaluronic acid, hydrolyzed hyaluronic acid, sodium hyaluronate crosspolymer, sodium hyaluronate, camellia sinensis leaf extract, glycine soja oil, tocopherol, sodium lauroyl glutamate, arginine, coco - glucoside, disodium lauryl sulfosuccinate, raspberry ketone, dehydroacetic acid, alumina, parfum, citric acid, benzyl alcohol, propanediol, sodium benzoate, ethylhexylglycerin, benzyl glycol. 
 nowy: water, diethylamino hydroxybenzoyl hexyl benzoate, bis - ethylhexyloxyphenol methoxyphenyl triazine, ethylhexyl triazone, glycerin, cetyl alcohol, cetearyl alcohol, glyceryl stearate, methylene bis - benzotriazolyl tetramethylbutylphenol, coco - caprylate,caprate, isopropyl myristate, propylheptyl caprylate, hydrogenate farnesene, olea europaea fruit oil, stearic acid, sodium lauroyl glutamate, passiflora incarnata seed oil, camellia sinensis leaf extract, linum usitatissimum seed extract, althaea officinalis root extract, prunus amygdalus dulcis fruit extract, hydrolyzed glycosaminoglycans, sodium hyaluronate, hyaluronic acid, hydrolyzed hyaluronic acid, sodium hyaluronate crosspolymer, tocopherol, glycine soja oil, potato starch modified, polyglyceryl-3 pca, decyl glucoside, zea mays starch, propanediol, tocopheryl acetate, dehydroacetic acid, xanthan gum, propylene glycol, citric acid, parfum, raspberry ketone, potassium sorbate, sodium benzoate, benzyl glycol, phenoxyethanol, ethylhexylglycerin, benzyl alcohol."
Bioliq Specialist,"krem detoksykujący niwelujący niedoskonałości na noc, 30 ml",23,18.89,26.99,/bioliq-krem-detoksykujacy-niwelujacy-niedoskonalosci-na-noc-30ml-000000000000296194.html,Nawilżające,"Aqua,Cetearyl Ethylhexanoate,Cyclopentasiloxane,Butylene Glycol/ PEG-60 Almond Glycerides/Caprylyl Glycol/ Glycerin/ Carbomer/ Nordihydroguaiaretic Acid/ Oleanolic Acid,Butylene Glycol/ Enantia Chlorantha Bark Extract/ Oleanolic Acid,Isohexadecane,Propylene Glycol/ Glycerin/ Hydrolyzed Caesalpinia Spinosa Gum/ Caesalpinia Spinosa Gum,Macadamia Integrifolia Seed Oil,Cetyl Alcohol,Stearyl Alcohol,Glycerin,Polyacrylamide/ Hydrogenated Polydecene/ Laureth-7,Glyceryl Stearate Citrate,Magnesium Aspartate/ Zinc Gluconate/ Copper Gluconate/ Calcium Gluconate,Dimethicone,Sodium Benzoate/Potassium Sorbate,Tocopherol,Disodium EDTA,Lactic acid,BHA,Parfum",4.8,30.0,89.97,62.97,Bioliq,30.011115227862167,"water, cetearyl ethylhexanoate, cyclopentasiloxane, butylene glycol/ peg-60 almond glycerides,caprylyl glycol/ glycerin/ carbomer/ nordihydroguaiaretic acid/ oleanolic acid, butylene glycol/ enantia chlorantha bark extract/ oleanolic acid, isohexadecane, propylene glycol/ glycerin/ hydrolyzed caesalpinia spinosa gum/ caesalpinia spinosa gum, macadamia integrifolia seed oil, cetyl alcohol, stearyl alcohol, glycerin, polyacrylamide/ hydrogenate polydecene/ laureth-7,glyceryl stearate citrate, magnesium aspartate/ zinc gluconate/ copper gluconate/ calcium gluconate, dimethicone, sodium benzoate,potassium sorbate, tocopherol, disodium edta, lactic acid, bha, parfum"
Dermedic Hydrain3 Hialuro,"krem do twarzy na noc, 50 ml",8,54.99,69.99,/dermedic-krem-do-twarzy-na-noc-50-ml-000000000000406822.html,"Nawilżające,
Odżywcze,
Regenerujące,
Ujędrniające,
Wygładzające","Aqua, Polyglyceryl-6 Stearate, Polyglyceryl-6 Behenate, Caprylic/Capric Triglyceride, Persea Gratissima (Avocado) Oil, Olus Oil, Methylpropanediol, Glycerin, Sodium Hyaluronate, Cyclopentasiloxane, Dimethiconol, Glyceryl Stearate, Cetearyl Alcohol, C12-15 Alkyl Benzoate, Olea Europaea Fruit Oil, Tocopheryl Acetate, Trehalose, Stearic Acid, Squalane, Sodium Hyaluronate Crosspolymer, Propanediol, Hydrolyzed Glycosaminoglycans, Hydrolyzed Hyaluronic Acid, Hyaluronic Acid, Benzyl Glycol, Raspberry Ketone, Phenoxyethanol, Ethylhexylglycerin, Iodopropynyl Butylcarbamate, Parfum.",4.8,50.0,139.98,109.98,Dermedic,21.431633090441483,"water, polyglyceryl-6 stearate, polyglyceryl-6 behenate, caprylic,capric triglyceride, persea gratissima (avocado) oil, olus oil, methylpropanediol, glycerin, sodium hyaluronate, cyclopentasiloxane, dimethiconol, glyceryl stearate, cetearyl alcohol, c12 - 15 alkyl benzoate, olea europaea fruit oil, tocopheryl acetate, trehalose, stearic acid, squalane, sodium hyaluronate crosspolymer, propanediol, hydrolyzed glycosaminoglycans, hydrolyzed hyaluronic acid, hyaluronic acid, benzyl glycol, raspberry ketone, phenoxyethanol, ethylhexylglycerin, iodopropynyl butylcarbamate, parfum."
Eveline Cosmetics Organic Aloe,"nawilżająco-matujący żel do twarzy, 50 ml",9,34.99,34.99,/eveline-cosmetics-nawilzajaco-matujacy-zel-do-twarzy-50-ml-000000000000401461.html,nawilżający,"Aqua (Water),Glycerin,Aloe Barbadensis Leaf Juice,Propanediol,Pentylene Glycol,Alcohol Denat.,Citrullus Lanatus Fruit Extract,Camellia Sinensis Leaf Extract,Vitis Vinifera Fruit Extract,Enantia Chlorantha Bark Extract,Polymnia Sonchifolia Root Juice,Alpha-Glucan Oligosaccharide,Acacia Seyal Gum Extract,Lactobacillus,Sodium Hyaluronate,Oleanolic Acid,Acrylates/C10-30 Alkyl Acrylate Crosspolymer,Maltodextrin,C12-13 Pareth-9,Hydroxyacetophenone,Sodium Hydroxide,Xanthan Gum,Butylene Glycol,Propylene Glycol,Citric Acid,Potassium Sorbate,Phenoxyethanol,Sodium Benzoate,Ethylhexylglycerin,Parfum (Fragrance),Alpha-Isomethyl Ionone,Benzyl Salicylate,Citronellol,Limonene,Hydroxycitronellal,Hexyl Cinnamal,Linalool",3.8,50.0,69.98,69.98,Eveline Cosmetics,0.0,"water (water),glycerin, aloe barbadensis leaf juice, propanediol, pentylene glycol, alcohol denat.,citrullus lanatus fruit extract, camellia sinensis leaf extract, vitis vinifera fruit extract, enantia chlorantha bark extract, polymnia sonchifolia root juice, alpha - glucan oligosaccharide, acacia seyal gum extract, lactobacillus, sodium hyaluronate, oleanolic acid, acrylates,c10 - 30 alkyl acrylate crosspolymer, maltodextrin, c12 - 13 pareth-9,hydroxyacetophenone, sodium hydroxide, xanthan gum, butylene glycol, propylene glycol, citric acid, potassium sorbate, phenoxyethanol, sodium benzoate, ethylhexylglycerin, parfum (fragrance),alpha - isomethyl ionone, benzyl salicylate, citronellol, limonene, hydroxycitronellal, hexyl cinnamal, linalool"
Dermedic Melumin,"krem-koncentrat na przebarwienia do twarzy na noc, 50 ml",5,59.99,89.99,/dermedic-krem-koncentrat-na-przebarwienia-do-twarzy-na-noc-50-ml-000000000000432882.html,"Przeciwzmarszczkowe,
Regenerujące","Ingredients: Aqua, Niacinamide, Cetyl Alcohol, Butyrospermum Parkii (Shea) Butter, Caprylic/Capric Triglyceride, Glyceryl Stearate Citrate, Isopropyl Myristate, Paraffinum Liquidum, Cocos Nucifera Oil, Arctostaphylos Uva Ursi Leaf Extract, Citric Acid, Sodium Benzoate, Potassium Sorbate, Polyacrylamide, C13-14 Isoparaffin, Laureth-7, Glycerin, Balanites Roxburghii Seed Oil, Tocopheryl Acetate, Sodium Ascorbyl Phosphate, Phosphatidylcholine, Propylene Glycol, Cholesterol, Ascorbyl Palmitate, Thioctic Acid, Disodium EDTA, Cetrimonium Chloride, Dehydroacetic Acid, Benzyl Alcohol, Persea Gratissima (Avocado) Oil, Olus Oil, Papain, PEG-8, Tocopherol, Ascorbic Acid, Glyceryl Stearate, Dimethicone, Allantoin, Butylene Glycol, DMDM Hydantoin, Iodopropynyl Butylcarbamate, Parfum.",5.0,50.0,179.98,119.98,Dermedic,33.33703744860539,"ingredient: water, niacinamide, cetyl alcohol, butyrospermum parkii (shea) butter, caprylic,capric triglyceride, glyceryl stearate citrate, isopropyl myristate, paraffinum liquidum, cocos nucifera oil, arctostaphylos uva ursi leaf extract, citric acid, sodium benzoate, potassium sorbate, polyacrylamide, c13 - 14 isoparaffin, laureth-7, glycerin, balanites roxburghii seed oil, tocopheryl acetate, sodium ascorbyl phosphate, phosphatidylcholine, propylene glycol, cholesterol, ascorbyl palmitate, thioctic acid, disodium edta, cetrimonium chloride, dehydroacetic acid, benzyl alcohol, persea gratissima (avocado) oil, olus oil, papain, peg-8, tocopherol, ascorbic acid, glyceryl stearate, dimethicone, allantoin, butylene glycol, dmdm hydantoin, iodopropynyl butylcarbamate, parfum."
Bielenda Brzoskwinia,"krem nawilżający do twarzy, 50 ml",49,18.89,25.99,/bielenda-krem-nawilzajacy-do-twarzy-50-ml-000000000000383610.html,nawilżający,"Aqua (Water),Coco-Caprylate/Caprate,Propanediol,Cocos Nucifera (Coconut) Oil,Tripelargonin,Glyceryl Stearate,Stearyl Alcohol,Ethyl Oleate,Prunus Persica (Peach) Kernel Oil,Betain,Caprylic/Capric Triglyceride,Glycerin,Prunus Persica (Peach) Juice,Ocimum Basilicum (Basil) Flower/Leaf Extract,Aloe Barbadensis Leaf Juice Powder,Inulin,Alpha - Glucan Oligosaccharide,Vegetable Oil,Lithospermum Erythrorhizon Root Extract,C10-18 Triglyceride,Potassium Cetyl Phosphate,Sodium Stearoyl Glutamate,Squalene,Glycine Soja (Soybean) Oil,Ascorbyl Palmitate,Tocopherol,Beta-Sitosterol,Beta-Carotene,Xanthan Gum,Lactic Acid,Mica,Tin Oxide,Benzyl Alcohol,Potassium Sorbate,Sodium Benzoate,Sodium Dehydroacetate,Parfum (Fragrance),Limonene,Linalool,Hexyl Cinnamal,Citral,CI 77891",3.8,50.0,51.98,37.78,Bielenda,27.318199307425928,"water (water),coco - caprylate,caprate, propanediol, cocos nucifera (coconut) oil, tripelargonin, glyceryl stearate, stearyl alcohol, ethyl oleate, prunus persica (peach) kernel oil, betain, caprylic,capric triglyceride, glycerin, prunus persica (peach) juice, ocimum basilicum (basil) flower,leaf extract, aloe barbadensis leaf juice powder, inulin, alpha - glucan oligosaccharide, vegetable oil, lithospermum erythrorhizon root extract, c10 - 18 triglyceride, potassium cetyl phosphate, sodium stearoyl glutamate, squalene, glycine soja (soybean) oil, ascorbyl palmitate, tocopherol, beta - sitosterol, beta - carotene, xanthan gum, lactic acid, mica, tin oxide, benzyl alcohol, potassium sorbate, sodium benzoate, sodium dehydroacetate, parfum (fragrance),limonene, linalool, hexyl cinnamal, citral, ci 77891"
La Roche-Posay Anthelios,"lekki krem do twarzy z filtrem SPF50, 50 ml",19,139.99,139.99,/la-roche-posay-lekki-krem-do-twarzy-z-filtrem-spf50-50-ml-000000000000385377.html,ochrona UV,"Aqua/Water/Eau, C12-15 Alkyl Benzoate, Glycerin (gliceryna), Octocrylene (filtr organiczny), Niacinamide (niacynamid), Butyl Methoxydibenzoylmethane, Dimethicone, Ethylhexyl Triazone, Silica, Aluminium Starch Octenylsuccinate, Vinyl Dimethicone/Methicone Silsesquioxane Crosspolymer, Terephthalylidene Dicamphor Sulfonic Acid, Potassium Cetyl Phosphate, Drometrizole Trisiloxane, PEG-100 Stearate, Stearyl Alcohol, Glyceryl Stearate, Ammonium Polyacryloyldimethyl Taurate, Benzyl Alcohol, Benzyl Benzoate, Capryloyl Salicylic Acid, Caprylyl Glycol, Hydrolyzed Hyaluronic Acid (hydrolizowany kwas hialurnowy), Phenoxyethanol, Phenylethyl Resorcinol, Poloxamer 338, Tocopherol (witamina E), Triethanolamine, Trisodium Ethylenediamine Disuccinate, Xanthan Gum, Parfum / Fragrance.",4.8,50.0,279.98,279.98,La Roche-Posay,0.0,"water,water,eau, c12 - 15 alkyl benzoate, glycerin (gliceryna), octocrylene (filtrorganiczny), niacinamide (niacynamid), butyl methoxydibenzoylmethane, dimethicone, ethylhexyl triazone, silica, aluminium starch octenylsuccinate, vinyl dimethicone,methicone silsesquioxane crosspolymer, terephthalylidene dicamphor sulfonic acid, potassium cetyl phosphate, drometrizole trisiloxane, peg-100 stearate, stearyl alcohol, glyceryl stearate, ammonium polyacryloyldimethyl taurate, benzyl alcohol, benzyl benzoate, capryloyl salicylic acid, caprylyl glycol, hydrolyzed hyaluronic acid (hydrolizowanykwahialurnowy), phenoxyethanol, phenylethyl resorcinol, poloxamer 338, tocopherol (witaminae), triethanolamine, trisodium ethylenediamine disuccinate, xanthan gum, parfum,fragrance."
Yasumi Me Rose Genotyp C,"łagodzący krem z olejkiem różanym do twarzy, 50 ml",22,59.49,84.99,/yasumi-lagodzacy-krem-z-olejkiem-rozanym-do-twarzy-50-ml-000000000000360041.html,"Łagodzące,
Przeciwzmarszczkowe,
Regenerujące","Aqua, Rosa Damascena Flower Water, Crambe Abyssinica Seed Oil, Tripelargonin, Orbignya Oleifera Seed Oil, Cetearyl Olivate, Glycerin, Sorbitan Olivate, Ascorbyl Tetraisopalmitate, Helianthus Annuus (Sunflower) Seed Oil, Rose Canina Fruit Oil, Rosa Rubiginosa Seed Oil, Rosa Eglnteria Seed Oil, Rosa Moschata Seed Oil, Tocopherol, Rosa Damascena Flower Extract, Helianthus Annuus Seed Cera, Ascorbyl Palmitate, Rosmarinus Officinale Root Extract, Parfum, Benzyl Alcohol, Dehydroacetic Acid, Sodium Phytate, Geraniol, Linalool, Citronellol",3.2999999999999994,50.0,169.98,118.98,Yasumi,30.003529827038466,"water, rosa damascena flower water, crambe abyssinica seed oil, tripelargonin, orbignya oleifera seed oil, cetearyl olivate, glycerin, sorbitan olivate, ascorbyl tetraisopalmitate, helianthus annuus (sunflower) seed oil, rose canina fruit oil, rosa rubiginosa seed oil, rosa eglnteria seed oil, rosa moschata seed oil, tocopherol, rosa damascena flower extract, helianthus annuus seed cera, ascorbyl palmitate, rosmarinus officinale root extract, parfum, benzyl alcohol, dehydroacetic acid, sodium phytate, geraniol, linalool, citronellol"
Nature Queen,"regenerujący krem do twarzy, 50 ml",5,43.99,55.99,/nature-queen-regenerujacy-krem-do-twarzy-50-ml-000000000000408289.html,regenerujący,"Aqua (Water), Rosa Damascena Flower Aqua (Water), Carthamus Tinctorius (Safflower) Seed Oil, Glycerin, Betaine, Trehalose, Cetearyl Alcohol, Butyrospermum Parkii (Shea) Butter, Rosa Moschata (Rosehip) Seed Oil, Limnanthes Alba (Meadowfoam) Seed Oil, Pentylene Glycol, Lauryl Olivate, Cetearyl Olivate, Sorbitan Olivate, Squalane, Perilla Oacymoides Seed Oil, Hippophaë Rhamnoides (Seabuckthorn) Oil, Cetyl Palmitate, Sorbitan Palmitate, Sorbitan Oleate, Acacia Senegal Gum, Xanthan Gum, Tocopherol, Beta-Sitosterol, Ascorbyl Palmitate, Lecithin, Propylene Glycol, Hydrogenated Vegetable Glycerides Citrate, Hydroxyacetophenone, Citrus Aurantium Dulcis (Orange) Peel Oil, Aniba Rosaeodora (Rosewood) Wood Oil, Juniperus Virginiana (Cedarwood) Oil, Citrus Grandis (Grapefruit) Peel Oil, Rosmarinus Officinalis (Rosemary) Leaf Oil, Pogostemkon Cablin (Patchouli) Leaf Oil, Lavandula Angustifolia (Lavender) Oil, Pelargonium Graveolens (Geranium) Oil, Parfum (Fragrance), Limonene, Linalool.",4.4,50.0,111.98,87.98,Nature Queen,21.432398642614753,"water (water), rosa damascena flower water (water), carthamus tinctorius (safflower) seed oil, glycerin, betaine, trehalose, cetearyl alcohol, butyrospermum parkii (shea) butter, rosa moschata (rosehip) seed oil, limnanthes alba (meadowfoam) seed oil, pentylene glycol, lauryl olivate, cetearyl olivate, sorbitan olivate, squalane, perilla oacymoides seed oil, hippophaë rhamnoides (seabuckthorn) oil, cetyl palmitate, sorbitan palmitate, sorbitan oleate, acacia senegal gum, xanthan gum, tocopherol, beta - sitosterol, ascorbyl palmitate, lecithin, propylene glycol, hydrogenated vegetable glycerides citrate, hydroxyacetophenone, citrus aurantium dulcis (orange) peel oil, aniba rosaeodora (rosewood) wood oil, juniperus virginiana (cedarwood) oil, citrus grandis (grapefruit) peel oil, rosmarinus officinalis (rosemary) leaf oil, pogostemkon cablin (patchouli) leaf oil, lavandula angustifolia (lavender) oil, pelargonium graveolens (geranium) oil, parfum (fragrance), limonene, linalool."
Basiclab Famillias,"nawilżający krem o lekkiej konsystencji do twarzy, 75 ml",174,39.99,39.99,/basiclab-nawilzajacy-krem-o-lekkiej-konsystencji-do-twarzy-75-ml-000000000000383402.html,nawilżający,"Aqua (Water), Aloe Barbadensis Leaf Juice, Vitis Vinifera (Grape) Seed Oil, Cetearyl Alcohol, Glycerin, Glyceryl Stearate Citrate, Pentylene Glycol, Borago Officinalis Seed Oil, Sodium Hyaluronate, Cucumis Sativus Fruit Extract, Nelumbo Nucifera Flower Extract, Nymphaea Coerulea Flower Extract, Rosa Damascena Flower Water, Trehalose, Allantoin, Calcium Gluconate, Copper Gluconate, Gluconolactone, Hydroxyacetophenone, Magnesium Aspartate, Panthenol, Propanediol, Potassium Sorbate, Sodium Benzoate, Tocopherol, Zinc Gluconate.",4.200000000000001,75.0,53.32,53.32,Basiclab,0.0,"water (water), aloe barbadensis leaf juice, vitis vinifera (grape) seed oil, cetearyl alcohol, glycerin, glyceryl stearate citrate, pentylene glycol, borago officinalis seed oil, sodium hyaluronate, cucumis sativus fruit extract, nelumbo nucifera flower extract, nymphaea coerulea flower extract, rosa damascena flower water, trehalose, allantoin, calcium gluconate, copper gluconate, gluconolactone, hydroxyacetophenone, magnesium aspartate, panthenol, propanediol, potassium sorbate, sodium benzoate, tocopherol, zinc gluconate."
La Roche-Posay Anthelios UVmune 400,"krem nawilżający do twarzy z filtrem SPF50+, 50 ml",15,113.99,113.99,/la-roche-posay-krem-nawilzajacy-do-twarzy-z-filtrem-spf50-50-ml-000000000000411846.html,nawilżający,"Aqua/Water/Eau, Diisopropyl Sebacate, Alcohol Denat., Ethylhexyl Salicylate, Ethylhexyl Triazone, Bis-ethylhexyloxyphenol Methoxyphenyl Triazine, Diisopropyl Adipate, Peg-8, Dipropylene Glycol, C12-22 Alkyl Acrylate/hydroxyethylacrylate Copolymer, Glycerin, Drometrizole Trisiloxane, Aluminum Starch Octenylsuccinate, Butyl Methoxydibenzoylmethane, Methoxypropylamino Cyclohexenylidene Ethoxyethylcyanoacetate, Silica, Tocopherol, Diethylamino Hydroxybenzoyl Hexyl Benzoate, Acrylates Copolymer, Acrylates/c10-30 Alkyl Acrylate Crosspolymer, Caprylyl Glycol, Hydroxyacetophenone, Pentaerythrityl Tetra-di-t-butyl Hydroxyhydrocinnamate, Sodium Polyacrylate, Terephthalylidene Dicamphor Sulfonic Acid, Triethanolamine, Trisodium Ethylenediamine Disuccinate",4.9,50.0,227.98,227.98,La Roche-Posay,0.0,"water,water,eau, diisopropyl sebacate, alcohol denat., ethylhexyl salicylate, ethylhexyl triazone, bis - ethylhexyloxyphenol methoxyphenyl triazine, diisopropyl adipate, peg-8, dipropylene glycol, c12 - 22 alkyl acrylate,hydroxyethylacrylate copolymer, glycerin, drometrizole trisiloxane, aluminum starch octenylsuccinate, butyl methoxydibenzoylmethane, methoxypropylamino cyclohexenylidene ethoxyethylcyanoacetate, silica, tocopherol, diethylamino hydroxybenzoyl hexyl benzoate, acrylate copolymer, acrylates,c10 - 30 alkyl acrylate crosspolymer, caprylyl glycol, hydroxyacetophenone, pentaerythrityl tetra - di - t - butyl hydroxyhydrocinnamate, sodium polyacrylate, terephthalylidene dicamphor sulfonic acid, triethanolamine, trisodium ethylenediamine disuccinate"
Vichy Neovadiol Rose Platinium,"ujędrniający krem różany do twarzy na noc, 50 ml",6,169.99,169.99,/vichy-ujedrniajacy-krem-rozany-do-twarzy-na-noc-50-ml-000000000000374764.html,ujędrniający,Aqua • Aqua • Glycerin • Glycerin • Prunus Armeniaca Kernel Oil • Prunus Armeniaca Kernel Oil • Caprylic/Capric Triglyceride • Caprylic/Capric Triglyceride • Pentaerythrityl Tetraethylhexanoate • Pentaerythrityl Tetraethylhexanoate • Cetyl Alcohol • Cetyl Alcohol • Glyceryl Stearate • Glyceryl Stearate • Alcohol Denat. • Alcohol Denat. • Propanediol • Propanediol • Butyrospermum Parkii Butter • Butyrospermum Parkii Butter • Dimethicone • Dimethicone • Peg-40 Stearate • Peg-40 Stearate • Cera Alba • Cera Alba • Hydroxyethylpiperazine Ethane Sulfonic Acid • Hydroxyethylpiperazine Ethane Sulfonic Acid • Tin Oxide • Tin Oxide • Ci 77491 • Ci 77491 • Ci 77891 • Ci 77891 • Rosa Gallica Flower Extract • Rosa Gallica Flower Extract • Sorbitan Tristearate • Sorbitan Tristearate • Sorbitol • Sorbitol • Calcium Pca • Calcium Pca • Dimethiconol • Dimethiconol • Silica • Silica • Medicago Sativa Extract • Medicago Sativa Extract • Sodium Benzoate • Sodium Benzoate • Phenoxyethanol • Phenoxyethanol • Adenosine • Adenosine • Propylene Glycol • Propylene Glycol • Caprylyl Glycol • Caprylyl Glycol • Citric Acid • Citric Acid • Trisodium Ethylenediamine Disuccinate • Trisodium Ethylenediamine Disuccinate • Xanthan Gum • Xanthan Gum • Pentaerythrityl Tetra-Di-T-Butyl Hydroxyhydrocinnamate • Pentaerythrityl Tetra-Di-T-Butyl Hydroxyhydrocinnamate • Synthetic Fluorphlogopite • Synthetic Fluorphlogopite • Faex Extract • Faex Extract • Ethylhexylglycerin • Ethylhexylglycerin • Parfum • Parfum (F.I.L. C236343/1).,4.6,50.0,339.98,339.98,Vichy,0.0,"water,water,glycerin,glycerin,prunus armeniaca kernel oil,prunus armeniaca kernel oil,caprylic,capric triglyceride,caprylic,capric triglyceride,pentaerythrityl tetraethylhexanoate,pentaerythrityl tetraethylhexanoate,cetyl alcohol,cetyl alcohol,glyceryl stearate,glyceryl stearate,alcohol denat.,alcohol denat.,propanediol,propanediol,butyrospermum parkii butter,butyrospermum parkii butter,dimethicone,dimethicone,peg-40 stearate,peg-40 stearate,cera alba,cera alba,hydroxyethylpiperazine ethane sulfonic acid,hydroxyethylpiperazine ethane sulfonic acid,tin oxide,tin oxide,ci 77491,ci 77491,ci 77891,ci 77891,rosa gallica flower extract,rosa gallica flower extract,sorbitan tristearate,sorbitan tristearate,sorbitol,sorbitol,calcium pca,calcium pca,dimethiconol,dimethiconol,silica,silica,medicago sativa extract,medicago sativa extract,sodium benzoate,sodium benzoate,phenoxyethanol,phenoxyethanol,adenosine,adenosine,propylene glycol,propylene glycol,caprylyl glycol,caprylyl glycol,citric acid,citric acid,trisodium ethylenediamine disuccinate,trisodium ethylenediamine disuccinate,xanthan gum,xanthan gum,pentaerythrityl tetra - di - t - butyl hydroxyhydrocinnamate,pentaerythrityl tetra - di - t - butyl hydroxyhydrocinnamate,synthetic fluorphlogopite,synthetic fluorphlogopite,faex extract,faex extract,ethylhexylglycerin,ethylhexylglycerin,parfum,parfum (f.i.l.c236343/1)."
Pharmaceris W Melacyd,"dermo-ochronny krem wybielający przebarwienia SPF50+ na dzień, 30 ml",7,53.59,66.99,/pharmaceris-dermo-ochronny-krem-wybielajacy-przebarwienia-spf50-na-dzien-30-ml-000000000000389519.html,ochrona UV,"Niacynamid 4% – skutecznie hamuje zarówno syntezę melaniny, jak i migrację barwnika do naskórka, przeciwdziałając powstaniu nowych zmian barwnikowych. Zapobiega szkodom wywołanym przez promieniowanie UV i przyspiesza proces regeneracji skóry uszkodzonej działaniem promieni UV.
Witamina C – hamuje aktywność tyrozynazy (enzymu aktywującego powstawanie przebarwień). Wykazuje działanie rozjaśniające powierzchnię skóry. Redukuje szkodliwy wpływ promieniowania UV, pomagając chronić DNA komórek skóry. Chroni lipidy przed utlenieniem i hamuje procesy starzenia się skóry.
Witamina E – tzw. witamina młodości o silnym działaniu przeciwutleniającym, chroni przed wolnymi rodnikami i niekorzystnymi czynnikami zewnętrznymi. Redukuje zmarszczki oraz nawilża i przyspiesza proces regeneracji i odbudowy skóry.
Biomimetic-Peptid – biomimetyczny peptyd zmniejsza ilość nierównomiernie rozmieszczonej w powierzchniowych warstwach skóry melaniny, stopniowo zmniejszając intensywność przebarwień i równomiernie rozjaśniając naskórek.",4.9,30.0,223.3,178.63,Pharmaceris,20.002985520226886,"niacynamid 4 % – skutecznie hamuje zarówno syntezę melaniny, jak i migrację barwnika do naskórka, przeciwdziałając powstaniu nowych zmian barwnikowych. zapobiega szkodom wywołanym przez promieniowanie uv i przyspiesza proce regeneracji skóry uszkodzonej działaniem promieni uv. 
 witamina c – hamuje aktywność tyrozynazy (enzymuaktywującegopowstawanieprzebarwień). wykazuje działanie rozjaśniające powierzchnię skóry. redukuje szkodliwy wpływ promieniowania uv, pomagając chronić dna komórek skóry. chroni lipidy prze utlenieniem i hamuje procesy starzenia się skóry. 
 witamina e – tzw. witamina młodości o silnym działaniu przeciwutleniającym, chroni prze wolnymi rodnikami i niekorzystnymi czynnikami zewnętrznymi. redukuje zmarszczki oraz nawilża i przyspiesza proce regeneracji i odbudowy skóry. 
 biomimetic - peptid – biomimetyczny peptyd zmniejsza ilość nierównomiernie rozmieszczonej w powierzchniowych warstwach skóry melaniny, stopniowo zmniejszając intensywność przebarwień i równomiernie rozjaśniając naskórek."
Soraya Kolagen + Ceramidy,"odżywczy krem regenerujący do twarzy na dzień i noc, 50 ml",9,11.99,11.99,/soraya-krem-do-twarzy-regenerujacy-na-dzien-na-noc-50ml-000000000000263266.html,odżywczy,"Kolagen pochodzenia morskiego – odpowiednik naturalnego białka podporowego skóry, które wspomaga utrzymanie jej jędrności i sprężystości.
Ceramidy - uszczelniają i wzmacniają naturalną barierę ochronną skóry, poprzez uzupełnianie cementu naskórka. Ograniczają utratę wody, redukują suchość i szorstkość naskórka.
Masło shea - źródło cennych lipidów. Natłuszcza, wygładza i odżywia naskórek. Sprawia, że skóra staje się miękka i przyjemna w dotyku.
Witamina E – doskonale odżywia i wygładza naskórek, sprawia, że skóra staje się lepiej nawilżona i bardziej elastyczna, dezaktywuje wolne rodniki, przyspieszające procesy starzenia.",3.9,50.0,23.98,23.98,Soraya,0.0,"kolagen pochodzenia morskiego – odpowiednik naturalnego białka podporowego skóry, które wspomaga utrzymanie jej jędrności i sprężystości. 
 ceramidy - uszczelniają i wzmacniają naturalną barierę ochronną skóry, poprzez uzupełnianie cementu naskórka. ograniczają utratę wody, redukują suchość i szorstkość naskórka. 
 masło shea - źródło cennych lipidów. natłuszcza, wygładza i odżywia naskórek. sprawia, że skóra staje się miękka i przyjemna w dotyku. 
 witamina e – doskonale odżywia i wygładza naskórek, sprawia, że skóra staje się lepiej nawilżona i bardziej elastyczna, dezaktywuje wolne rodniki, przyspieszające procesy starzenia."
Tołpa Pre Age,"krem do twarzy na dzień, 50 ml",5,37.99,37.99,/tolpa-krem-do-twarzy-na-dzien-50-ml-000000000000413447.html,"Nawilżające,
Rozjaśniające,
Wygładzające","Aqua, Caprylic/Capric Triglyceride, Coco-Caprylate, Glycerin, Cetearyl Alcohol,  Butyrospermum Parkii Butter, Peat Extract, Ceteareth-20, Butylene Glycol, Sodium Hyaluronate, Rhodiola Rosea Root Extract, Hydrolyzed Algin, Hyaluronic Acid, Tocopherol, Palmitoyl Hydroxypropyltrimonium Amylopectin/Glycerin Crosspolymer, Ascorbic Acid, Hydrogenated Lecithin, Carbomer, Sodium Polyacrylate, Pentylene Glycol, Sodium Hydroxide, 1,2-Hexanediol, Disodium EDTA, Parfum, Phenoxyethanol, Caprylyl Glycol, Methylpropanediol, Benzoic Acid, Potassium Sorbate, Ethylhexylglycerin.",2.4,50.0,75.98,75.98,Tołpa,0.0,"water, caprylic,capric triglyceride, coco - caprylate, glycerin, cetearyl alcohol,    butyrospermum parkii butter, peat extract, ceteareth-20, butylene glycol, sodium hyaluronate, rhodiola rosea root extract, hydrolyzed algin, hyaluronic acid, tocopherol, palmitoyl hydroxypropyltrimonium amylopectin,glycerin crosspolymer, ascorbic acid, hydrogenate lecithin, carbomer, sodium polyacrylate, pentylene glycol, sodium hydroxide, 1,2 - hexanediol, disodium edta, parfum, phenoxyethanol, caprylyl glycol, methylpropanediol, benzoic acid, potassium sorbate, ethylhexylglycerin."
Mustela,"ochronny krem w sztyfcie z filtrem SPF50 dla dzieci, 9 ml",17,31.99,41.99,/mustela-ochronny-krem-w-sztyfcie-z-filtrem-spf50-dla-dzieci-9-ml-000000000000429537.html,ochrona UV,"COCO-CAPRYLATE/CAPRATE, DICAPRYLYL CARBONATE, BIS-ETHYLHEXYLOXYPHENOL METHOXYPHENYL TRIAZINE, DIBUTYL LAUROYL GLUTAMIDE, DIETHYLAMINO HYDROXYBENZOYL HEXYL BENZOATE, DIETHYLHEXYL BUTAMIDO TRIAZONE, ETHYLHEXYL TRIAZONE, DIBUTYL ETHYLHEXANOYL GLUTAMIDE, GAMMA-OCTALACTONE, TOCOPHEROL, PERSEA GRATISSIMA (AVOCADO) OIL, DIETHYLHEXYL SYRINGYLIDENEMALONATE, CAPRYLIC/CAPRIC TRIGLYCERIDE.",4.9,9.0,466.56,355.44,Mustela,23.81519409383187,"coco - caprylate,caprate, dicaprylyl carbonate, bis - ethylhexyloxyphenol methoxyphenyl triazine, dibutyl lauroyl glutamide, diethylamino hydroxybenzoyl hexyl benzoate, diethylhexyl butamido triazone, ethylhexyl triazone, dibutyl ethylhexanoyl glutamide, gamma - octalactone, tocopherol, persea gratissima (avocado) oil, diethylhexyl syringylidenemalonate, caprylic,capric triglyceride."
Sensilis Pure Perfection,"matujący fluid nawilżający do cery mieszanej i tłustej SPF10, 50 ml",5,109.99,109.99,/sensilis-podklad-do-twarzy-50ml-000000000000281195.html,nawilżający,"Składniki aktywne: krzemionka, sól cynkowa kwasu piroglutaminowego PCA, witamina E, laricyl z wyciągu z grzyba Fomes officinalis, wyciąg z lnu",4.8,50.0,219.98,219.98,Sensilis,0.0,"składniki aktywne: krzemionka, sól cynkowa kwasu piroglutaminowego pca, witamina e, laricyl z wyciągu z grzyba fome officinalis, wyciąg z lnu"
Tołpa Estetic,"krem rozjaśniający przebarwienia, 40 ml",22,38.49,54.99,/tolpa-krem-rozjasniajacy-przebarwienia-40-ml-000000000000300118.html,"Nawilżające,
Regenerujące,
Rozświetlające,
Uelastyczniające,
Ujędrniające,
Wzmacniające naczynka","Aqua, Methylpropanediol, Coco-Caprylate, Peat Extract, Cetyl Alcohol, Glyceryl Stearate Citrate, Hyaluronic Acid, Crithmum Maritimum Callus Culture Filtrate, Parfum, Carbomer, Tocopherol, Hydroxyethyl Acrylate/Sodium Acryloyldimethyl Taurate Copolymer, Polysorbate 60, Sorbitan Isostearate, Sodium Hydroxide, Caprylyl Glycol, Phenylpropanol, Benzoic Acid.",4.8,40.0,137.48,96.22,Tołpa,30.00545553737043,"water, methylpropanediol, coco - caprylate, peat extract, cetyl alcohol, glyceryl stearate citrate, hyaluronic acid, crithmum maritimum callus culture filtrate, parfum, carbomer, tocopherol, hydroxyethyl acrylate,sodium acryloyldimethyl taurate copolymer, polysorbate 60, sorbitan isostearate, sodium hydroxide, caprylyl glycol, phenylpropanol, benzoic acid."
Herla Hydra Plants,"krem do twarzy na noc, 50 ml",20,139.99,139.99,/herla-krem-do-twarzy-na-noc-50-ml-000000000000378108.html,"Nawilżające,
Przeciwstarzeniowe","Aqua, Glycerin, Isoamyl Laurate, Glyceryl Stearate, Dicaprylyl Carbonate, Simmondsia Chinensis Seed Oil, Sodium Stearoyl Glutamate, Hydrogenated Ethylhexyl Olivate, Cetearyl Alcohol, Vitis Vinifera Seed Oil, Butyrospermum Parkii Butter, Sclerocarya Birrea Seed Oil, Isopropyl Isostearate, Sodium Polyacrylate, Parfum, Rubus Idaeus Fruit Extract, Fragaria Ananassa Fruit Extract, Actinidia Chinensis Fruit Extract, Pyrus Malus Fruit Extract, Prunus Persica Fruit Extract, Carica Papaya Fruit Extract, Cucumis Sativus Fruit Extract, Xylitylglucoside, Anhydroxylitol, Xylitol, Glucose, Helianthus Annuus Seed Oil, Hydrogenated Olive Oil Unsaponifiables, Sodium Hyaluronate, Persea Gratissima Oil, Hydrogenated Vegetable Oil, Isoamyl Cocoate, Trehalose, Allantoin, Tocopherol, Beta-Sitosterol, Squalene, Glycine Soja Oil, Xanthan Gum, Hydroxyacetophenone, 1,2-Hexanediol, Caprylyl Glycol, Sodium Benzoate, Potassium Sorbate, Disodium EDTA.",4.7,50.0,279.98,279.98,Herla,0.0,"water, glycerin, isoamyl laurate, glyceryl stearate, dicaprylyl carbonate, simmondsia chinensis seed oil, sodium stearoyl glutamate, hydrogenate ethylhexyl olivate, cetearyl alcohol, vitis vinifera seed oil, butyrospermum parkii butter, sclerocarya birrea seed oil, isopropyl isostearate, sodium polyacrylate, parfum, rubus idaeus fruit extract, fragaria ananassa fruit extract, actinidia chinensis fruit extract, pyrus malus fruit extract, prunus persica fruit extract, carica papaya fruit extract, cucumis sativus fruit extract, xylitylglucoside, anhydroxylitol, xylitol, glucose, helianthus annuus seed oil, hydrogenate olive oil unsaponifiable, sodium hyaluronate, persea gratissima oil, hydrogenated vegetable oil, isoamyl cocoate, trehalose, allantoin, tocopherol, beta - sitosterol, squalene, glycine soja oil, xanthan gum, hydroxyacetophenone, 1,2 - hexanediol, caprylyl glycol, sodium benzoate, potassium sorbate, disodium edta."
Bielenda Kasztan,"krem do twarzy na dzien i noc, 50 ml",17,11.19,15.99,/bielenda-krem-do-twarzy-na-dzien-i-noc-50-ml-000000000000212654.html,Wzmacniające naczynka,"Aqua (Water)
Ethylhexyl Stearate
Triethylhexanoin
Cyclopentasiloxane
Glycerin
Glyceryl Stearate
Cetearyl Alcohol
Potassium Cetyl Phosphate
Propylene Glycol
Aesculus Hippocastanum (Horse Chestnut) Seed Extract
Troxerutin
Prunus Amygdalus Dulcis (Sweet Almond) Oil
Butyrospermum Parkii (Shea Butter)
Ginkgo Biloba Leaf Extract
Ascorbyl Glucoside
Allantoin
Dipropylene Glycol
Boswellia Serrata Gum
Cocos Nucifera (Coconut) Oil
Sodium Stearoyl Glutamate
Acrylates/C10-30 Alkyl Acrylate Crosspolymer
Triethanolamine
Potassium Hydoxide
DMDM Hydantoin
Phenoxyethanol
Methylparaben
Ethylparaben
Parfum (Fragrance)",4.8,50.0,31.98,22.38,Bielenda,30.0187617260788,"water (water) 
 ethylhexyl stearate 
 triethylhexanoin 
 cyclopentasiloxane 
 glycerin 
 glyceryl stearate 
 cetearyl alcohol 
 potassium cetyl phosphate 
 propylene glycol 
 aesculus hippocastanum (horsechestnut) seed extract 
 troxerutin 
 prunus amygdalus dulcis (sweetalmond) oil 
 butyrospermum parkii (sheabutter) 
 ginkgo biloba leaf extract 
 ascorbyl glucoside 
 allantoin 
 dipropylene glycol 
 boswellia serrata gum 
 cocos nucifera (coconut) oil 
 sodium stearoyl glutamate 
 acrylates,c10 - 30 alkyl acrylate crosspolymer 
 triethanolamine 
 potassium hydoxide 
 dmdm hydantoin 
 phenoxyethanol 
 methylparaben 
 ethylparaben 
 parfum (fragrance)"
Vichy Liftactiv Supreme,"krem przeciwzmarszczkowy z SPF30 do twarzy, 50 ml",11,180.99,180.99,/vichy-krem-przeciwzmarszczkowy-z-spf30-do-twarzy-50-ml-000000000000382442.html,przeciwzmarszczkowy,AQUA / WATER • GLYCERIN • OCTOCRYLENE • NIACINAMIDE • RHAMNOSE • ALCOHOL DENAT. • HOMOSALATE • ETHYLHEXYL SALICYLATE • BUTYL METHOXYDIBENZOYLMETHANE • PROPYLENE GLYCOL • POLY C10-30 ALKYL ACRYLATE • ADENOSINE • FAEX EXTRACT / YEAST EXTRACT • PENTAERYTHRITYL TETRA-DI-T-BUTYL HYDROXYHYDROCINNAMATE • SODIUM ACETYLATED HYALURONATE • TRISODIUM ETHYLENEDIAMINE DISUCCINATE • TOCOPHEROL • CETYL ALCOHOL • BEHENYL ALCOHOL • CAPRYLYL GLYCOL • DISODIUM ETHYLENE DICOCAMIDE PEG-15 DISULFATE • ETHYLHEXYLGLYCERIN • GLYCERYL STEARATE • GLYCERYL STEARATE CITRATE • SILICA • SODIUM ACRYLATES CROSSPOLYMER-2 • SODIUM POLYACRYLATE • PHENOXYETHANOL • PARFUM / FRAGRANCE (F.I.L. B248612/1).,4.6,50.0,361.98,361.98,Vichy,0.0,",,glycerin,octocrylene,niacinamide,rhamnose,alcohol denat.,homosalate,ethylhexyl salicylate,butyl methoxydibenzoylmethane,propylene glycol,poly c10 - 30 alkyl acrylate,adenosine,faex extract,yeast extract,pentaerythrityl tetra - di - t - butyl hydroxyhydrocinnamate,sodium acetylated hyaluronate,trisodium ethylenediamine disuccinate,tocopherol,cetyl alcohol,behenyl alcohol,caprylyl glycol,disodium ethylene dicocamide peg-15 disulfate,ethylhexylglycerin,glyceryl stearate,glyceryl stearate citrate,silica,sodium acrylates crosspolymer-2,sodium polyacrylate,phenoxyethanol,parfum,fragrance f.i.l.b248612/1."
Pure By Clochee Lumi,"rozświetlacz do twarzy, 30 ml",10,34.99,49.99,/pure-by-clochee-rozswietlacz-do-twarzy-30-ml-000000000000390484.html,Rozświetlające,"Aqua, Glycerin, Polygryceryl-4, Caprate, Mica, Argania Spinosa Kernel Oil, Citrullus Lanatus Fruit Extract, Malpighia Glabra Fruit Extract, Sacharide Isomerate, Macadamia Ternifolia Seed Oil, Hydrolyzed Glycosaminoglycans, Hyaluronic Acid, Titanium Dioxide, Citric Acid, Sodium Citrate, Xanthan Gum, Lecithin, Sclerotium Gum, Pullulan, Silica, Tin Oxide, Sodium Benzoate, Potassium Sorbate, Dehydroacetic, Acid Benzyl Aclohol, Parfum Limonene, Linalool, Cl 77491.",3.6,30.0,166.63,116.63,Clochee,30.006001200240046,"water, glycerin, polygryceryl-4, caprate, mica, argania spinosa kernel oil, citrullus lanatus fruit extract, malpighia glabra fruit extract, sacharide isomerate, macadamia ternifolia seed oil, hydrolyzed glycosaminoglycans, hyaluronic acid, titanium dioxide, citric acid, sodium citrate, xanthan gum, lecithin, sclerotium gum, pullulan, silica, tin oxide, sodium benzoate, potassium sorbate, dehydroacetic, acid benzyl aclohol, parfum limonene, linalool, cl 77491."
Basiclab Famillias,"lipidowy krem na zimę do twarzy, 75 ml",78,39.99,39.99,/basiclab-lipidowy-krem-na-zime-do-twarzy-75-ml-000000000000383396.html,Ochronne,"Aqua (Water), Olea Europaea (Olive) Fruit Oil, Helianthus Annuus (Sunflower) Seed Oil, Caprylic/Capric Triglyceride, Cetearyl Alcohol, Glyceryl Staerate SE, Butyrospermum Parkii (Shea) Butter, Glycerin, Tocopheryl Acetate, Pentylene Glycol, Trehalose, Linum Usitatissimum (Linseed) Seed Oil, Macadamia Ternifolia Seed Oil, Argania Spinosa Kernel Oil, Persea Gratissima (Avocado) Oil, Panthenol, Allantoin, Copper Gluconate, Magnesium Aspartate, Zinc Gluconate, Citric Acid, Rosmarinus Officinails Leaf Extract, Cocos Nucifera (Coconut) Oil, Hydroxyacetophenone.",4.6,75.0,53.32,53.32,Basiclab,0.0,"water (water), olea europaea (olive) fruit oil, helianthus annuus (sunflower) seed oil, caprylic,capric triglyceride, cetearyl alcohol, glyceryl staerate se, butyrospermum parkii (shea) butter, glycerin, tocopheryl acetate, pentylene glycol, trehalose, linum usitatissimum (linseed) seed oil, macadamia ternifolia seed oil, argania spinosa kernel oil, persea gratissima (avocado) oil, panthenol, allantoin, copper gluconate, magnesium aspartate, zinc gluconate, citric acid, rosmarinus officinails leaf extract, cocos nucifera (coconut) oil, hydroxyacetophenone."
Sylveco,"lekki krem z brzozą do twarzy, 50 ml",18,36.79,45.99,/sylveco-lekki-krem-z-brzoza-do-twarzy-50-ml-000000000000403769.html,Nawilżające,"Aqua,Vitis Vinifera Seed Oil,Glycine Soja Oil,Xylitol,Sorbitan Stearate,Butyrospermum Parkii Butter,Glyceryl Stearate,Argania Spinosa Kernel Oil,Simmondsia Chinensis Seed Oil,Stearic Acid,Sucrose Cocoate,Cetearyl Alcohol,Benzyl Alcohol,Betulin,Tocopheryl Acetate,Aloe Barbadensis Leaf Extract,Allantoin,Xanthan Gum,Dehydroacetic Acid,Saponaria Officinalis Root Extract",4.6,50.0,91.98,73.58,Sylveco,20.004348771472063,"water, vitis vinifera seed oil, glycine soja oil, xylitol, sorbitan stearate, butyrospermum parkii butter, glyceryl stearate, argania spinosa kernel oil, simmondsia chinensis seed oil, stearic acid, sucrose cocoate, cetearyl alcohol, benzyl alcohol, betulin, tocopheryl acetate, aloe barbadensis leaf extract, allantoin, xanthan gum, dehydroacetic acid, saponaria officinalis root extract"
Bandi Anti Rouge,"kremowa kuracja na naczynka, 50 ml",33,54.99,71.99,/bandi-kremowa-kuracja-na-naczynka-50ml-000000000000281638.html,"Łagodzące,
Natłuszczające,
Ochronne,
Wzmacniające naczynka","Aqua/Water, Caprylic/Capric Triglyceride, Butyrospermum Parkii (Shea) Butter, Glycerin, Petrolatum, Ethylhexyl Stearate, Paraffinum Liquidum, C10-30 Cholesterol/Lanosterol Esters, Niacinamide, Arachidyl Alcohol, Glyceryl Stearate, Cetearyl Alcohol, Troxerutin, PEG-100 Stearate, Behenyl Alcohol, Pentaerythrityl Distearate, Arachidyl Glucoside, Polyacrylate Crosspolymer-6, Allantoin, Propyl Gallate, Gallyl Glucoside, Epigallocatechin Gallatyl Glucoside, Disodium EDTA, Menaquinone-7, PEG-8, Tocopherol, Ascorbyl Palmitate, Ascorbic Acid, Citric Acid, t-Butyl Alcohol, Parfum/Fragrance, Benzyl Alcohol, Propylparaben, Methylparaben, Dehydroacetic Acid",4.7,50.0,143.98,109.98,Bandi,23.614390887623273,"water,water, caprylic,capric triglyceride, butyrospermum parkii (shea) butter, glycerin, petrolatum, ethylhexyl stearate, paraffinum liquidum, c10 - 30 cholesterol,lanosterol ester, niacinamide, arachidyl alcohol, glyceryl stearate, cetearyl alcohol, troxerutin, peg-100 stearate, behenyl alcohol, pentaerythrityl distearate, arachidyl glucoside, polyacrylate crosspolymer-6, allantoin, propyl gallate, gallyl glucoside, epigallocatechin gallatyl glucoside, disodium edta, menaquinone-7, peg-8, tocopherol, ascorbyl palmitate, ascorbic acid, citric acid, t - butyl alcohol, parfum,fragrance, benzyl alcohol, propylparaben, methylparaben, dehydroacetic acid"
Equilibra Rosa,"przeciwzmarszczkowy krem różany do twarzy, 50 ml",5,39.99,56.99,/equilibra-przeciwzmarszczkowy-krem-rozany-do-twarzy-50-ml-000000000000414588.html,przeciwzmarszczkowy,"Aqua (Water),Ethylhexyl Palmitate,Glycerin,Glyceryl Stearate,Cetyl Palmitate,Dicaprylyl Carbonate,Caprylic/Capric Triglyceride,Sucrose Polystearate,Behenyl Alcohol,Butyrospermum Parkii (Shea) Butter,Sodium Hyaluronate,Sodium Stearoyl Glutamate,Xanthan Gum,Rosa Damascena Flower Extract,Saccharomycesbferment Lysate Filtrate,Sclerocarya Birrea Seed Oil,Ceramide Ap,Ceramide Np,Ceramide Eop,Phytosphingosine,Ethylhexylglycerin,Sodium Phytate,Lecithin,Tocopherol,Ascorbyl Palmitate,Sodium Benzoate,Sodium Lauroyl Lactylate,Potassium Sorbate,Cholesterol,Carbomer,Phenoxyethanol,Parfum (Fragrance),Citric Acid,Amyl Cinnamal,Cinnamyl Alcohol,Citral,Citronellol,Geraniol,Hydroxycitronellal,Linalool",4.0,50.0,113.98,79.98,Equilibra,29.829794700824706,"water (water),ethylhexyl palmitate, glycerin, glyceryl stearate, cetyl palmitate, dicaprylyl carbonate, caprylic,capric triglyceride, sucrose polystearate, behenyl alcohol, butyrospermum parkii (shea) butter, sodium hyaluronate, sodium stearoyl glutamate, xanthan gum, rosa damascena flower extract, saccharomycesbferment lysate filtrate, sclerocarya birrea seed oil, ceramide ap, ceramide np, ceramide eop, phytosphingosine, ethylhexylglycerin, sodium phytate, lecithin, tocopherol, ascorbyl palmitate, sodium benzoate, sodium lauroyl lactylate, potassium sorbate, cholesterol, carbomer, phenoxyethanol, parfum (fragrance),citric acid, amyl cinnamal, cinnamyl alcohol, citral, citronellol, geraniol, hydroxycitronellal, linalool"
Make Me Bio Mellow Mango,"krem do cery normalnej i wrażliwej, 60 ml",5,49.69,70.99,/make-me-bio-krem-do-cery-normalnej-i-wrazliwej-60-ml-000000000000405695.html,Regenerujące,"Aqua ‹Woda›, Prunus Amygdalus Dulcis ‹Słodkie Migdały› Oil1, Simmondsia Chinensis ‹Jojoba› Seed Oil1, Mangifera Indica ‹Masło Mango› Seed Butter, Glycerin, Cetearyl Glucoside, Cetearyl Alcohol, Hippophae Rhamnoides ‹Rokitnik› Oil, Tocopherol ‹Witamina E›, Helianthus Annuus ‹Słonecznik› Seed Oil, Xanthan Gum, Benzyl Alcohol, Dehydroacetic Acid, Parfum2, Alcohol, Limonene2, Linalool2, Citral2
1 z upraw organicznych
2 pochodzenia naturalnego",5.0,60.0,118.32,82.82,Make Me Bio,30.00422594731652,"water ‹woda›, prunus amygdalus dulcis ‹słodkie migdały› oil1, simmondsia chinensis ‹jojoba› seed oil1, mangifera indica ‹masło mango› seed butter, glycerin, cetearyl glucoside, cetearyl alcohol, hippophae rhamnoide ‹rokitnik› oil, tocopherol ‹witamina e›, helianthus annuus ‹słonecznik› seed oil, xanthan gum, benzyl alcohol, dehydroacetic acid, parfum2, alcohol, limonene2, linalool2, citral2 
 1 z upraw organicznych 
 2 pochodzenia naturalnego"
Ava C+Strategy,"odżywczy krem do twarzy na noc, 50 ml",11,39.99,39.99,/ava-odzywczy-krem-do-twarzy-na-noc-50-ml-000000000000364676.html,odżywczy,"Aqua, Helianthus Annuus Seed Oil, Glyceryl Stearate, Glycerin, Glycine Soja Oil, Isopropyl Myristate, Cetearyl Alcohol, Butyrospermum Parkii Butter, Ceteareth-20, Dimethicone, Sodium Ascorbyl Phosphate, Tocopheryl Acetate, Citrus Grandis Peel Oil, Tamarindus Indica Fruit Extract, Sodium Hyaluronate, Algae Extract, Astaxanthin, Ceteareth-12, Cetyl Palmitate, Xanthan Gum, Acrylates/C10-30 Alkyl Acrylate Crosspolymer, Phenoxyethanol, Triethanolamine, Citric Acid, Disodium EDTA, Ethylhexylglycerin, Sodium Benzoate, Potassium Sorbate, Limonene.",4.8,50.0,79.98,79.98,Ava,0.0,"water, helianthus annuus seed oil, glyceryl stearate, glycerin, glycine soja oil, isopropyl myristate, cetearyl alcohol, butyrospermum parkii butter, ceteareth-20, dimethicone, sodium ascorbyl phosphate, tocopheryl acetate, citrus grandis peel oil, tamarindus indica fruit extract, sodium hyaluronate, algae extract, astaxanthin, ceteareth-12, cetyl palmitate, xanthan gum, acrylates,c10 - 30 alkyl acrylate crosspolymer, phenoxyethanol, triethanolamine, citric acid, disodium edta, ethylhexylglycerin, sodium benzoate, potassium sorbate, limonene."
Vichy Liftactiv Supreme,"krem przeciwzmarszczkowy i ujędrniający do twarzy na noc, 50 ml",12,160.99,160.99,/vichy-krem-do-twarzy-na-noc-50ml-000000000000225703.html,ujędrniający,"Aqua/Water, Glycerin, Rhamnose, Prunus Armeniaca Kernel Oil/Apricot Kernel Oil, Caprylic/Capric Triglyceride, Pentaerythrityl Tetraethylhexanoate, Cetyl Alcohol, Zea Mays Starch/Corn Starch, Butyrospermum Parkii Butter/Shea Butter, Petrolatum, Glyceryl Stearate, Pentylene Glycol, Dimethicone, PEG-40 Stearate, Cera Alba/Beeswax, Hydroxyethylpiperazine Ethane Sulfonic Acid, Stearyl Alcohol, Sorbitan Tristearate, Dimethiconol, Triethanolamine, Myristyl Alcohol, Phenoxyethanol, Adenosine, Magnesium Ascorbyl Phosphate, Ascorbyl Glucoside, Poloxamer 338, Caprylyl Glycol, Xanthan Gum, Pentaerythrityl Tetra-Di-t-Butyl Hydroxyhydrocinnamate, Parfum/Fragrance",5.0,50.0,321.98,321.98,Vichy,0.0,"water,water, glycerin, rhamnose, prunus armeniaca kernel oil,apricot kernel oil, caprylic,capric triglyceride, pentaerythrityl tetraethylhexanoate, cetyl alcohol, zea mays starch,corn starch, butyrospermum parkii butter,shea butter, petrolatum, glyceryl stearate, pentylene glycol, dimethicone, peg-40 stearate, cera alba,beeswax, hydroxyethylpiperazine ethane sulfonic acid, stearyl alcohol, sorbitan tristearate, dimethiconol, triethanolamine, myristyl alcohol, phenoxyethanol, adenosine, magnesium ascorbyl phosphate, ascorbyl glucoside, poloxamer 338, caprylyl glycol, xanthan gum, pentaerythrityl tetra - di - t - butyl hydroxyhydrocinnamate, parfum,fragrance"
Mixa,"bogaty krem odżywczy z olejkiem do twarzy, 50 ml",24,23.09,31.99,/mixa-krem-odzywczy-z-olejkiem-50ml-000000000000262321.html,odżywczy,"Aqua/Water, Glycerin,Cetearyl Alcohol, Caprylic/Capric Triglyceride, Glyceryl Stearate, Alcohol Denat., Ethylhexyl Palmitate, Dimethicone, Butyrospermum Parkii Butter / Shea Butter, Myristyl Myristate, Niacinamide, Caprylyl Glycol, Citric Acid, Disodium EDTA, Myristyl Malate Phosphonic Acid, Oenothera Biennis Oil / Evening Primrose Oil, PEG-100 Stearate, Phenoxyethanol, Sodium Polyacrylate, Tocopherol, Parfum / Fragrance",4.9,50.0,63.98,46.18,Mixa,27.821194123163483,"water,water, glycerin, cetearyl alcohol, caprylic,capric triglyceride, glyceryl stearate, alcohol denat., ethylhexyl palmitate, dimethicone, butyrospermum parkii butter,shea butter, myristyl myristate, niacinamide, caprylyl glycol, citric acid, disodium edta, myristyl malate phosphonic acid, oenothera biennis oil,evening primrose oil, peg-100 stearate, phenoxyethanol, sodium polyacrylate, tocopherol, parfum,fragrance"
Nivea Baby,"ochronny krem pielęgnacyjny dla dzieci, 150 ml",7,14.99,19.99,/nivea-ochronny-krem-pielegnacyjny-dla-dzieci-150-ml-000000000000220396.html,Nawilżające,"Aqua, Glycerin, Paranum Liquidum, Cetyl Alcohol, Stearyl Alcohol, Cera Microcristallina, Palmitic Acid, Glyceryl Stearate, Stearic Acid, Hydrogenated Coco-Glycerides, Calendula Ocinalis Flower Extract, Myristic Acid, Arachidic Acid , Oleic Acid, Lanolin Alcohol, Dimethicone, Glucose, Carbomer, Lactic Acid, Sodium Hydroxide, Polyglyceryl-2 Caprate, Phenoxyethanol, Sodium Benzoate, Potassium Sorbate, Parfum",5.0,150.0,13.33,9.99,Nivea,25.012506253126553,"water, glycerin, paranum liquidum, cetyl alcohol, stearyl alcohol, cera microcristallina, palmitic acid, glyceryl stearate, stearic acid, hydrogenate coco - glyceride, calendula ocinalis flower extract, myristic acid, arachidic acid, oleic acid, lanolin alcohol, dimethicone, glucose, carbomer, lactic acid, sodium hydroxide, polyglyceryl-2 caprate, phenoxyethanol, sodium benzoate, potassium sorbate, parfum"
Dermika Neocollagen,"krem-maska do twarzy do silnej regeneracji skóry i spłycania zmarszczek, 50 ml",5,69.99,69.99,/dermika-krem-maska-do-twarzy-do-splycania-zmarszczek-50ml-000000000000256630.html,Regenerujące,"Aqua,Cyclopentasiloxane,Triethylhexanoin,Glycerin,Dicaprylyl Carbonate,Cetyl PEG/PPG-10/1 Dimethicone,Propylene Glycol,Squalane,Cera Microcristallina,Butyrospermum Parkii Butter,Persea Gratissima Oil,Polyglyceryl-4 Isostearate,Tocopheryl Acetate,Trehalose,Allantoin,Linoleic Acid,Lecithin,Arachidyl Propionate,Retinyl Palmitate,Tocopherol,Ethyl Linolenate,Linolenic Acid,Artemisia Abrotanum Extract,Ethyl Linoleate,Ethyl Oleate,Palmitoyl Dipeptide-5 Diaminobutyroyl Hydroxythreonine,Palmitoyl Tripeptide-5,Tetradecyl Aminobutyroylvalylaminobutyric Urea Trifluoroacetate,Butylene Glycol,Hydrogenated Castor Oil,Sodium Chloride,Octyldodecanol,Stearoxymethicone/Dimethicone Copolymer,Dimethicone,Magnesium Chloride,Pentaerythrityl Tetra-Di-T-Butyl Hydroxyhydrocinnamate,BHT,Diazolidinyl Urea,Methylparaben,Propylparaben,Parfum,Benzyl Salicylate,Linalool,Hexyl Cinnamal,Limonene,Hydroxycitronellal,Geraniol,Citronellol,Alpha Isomethyl Ionone",4.6,50.0,139.98,139.98,Dermika,0.0,"water, cyclopentasiloxane, triethylhexanoin, glycerin, dicaprylyl carbonate, cetyl peg,ppg-10/1 dimethicone, propylene glycol, squalane, cera microcristallina, butyrospermum parkii butter, persea gratissima oil, polyglyceryl-4 isostearate, tocopheryl acetate, trehalose, allantoin, linoleic acid, lecithin, arachidyl propionate, retinyl palmitate, tocopherol, ethyl linolenate, linolenic acid, artemisia abrotanum extract, ethyl linoleate, ethyl oleate, palmitoyl dipeptide-5 diaminobutyroyl hydroxythreonine, palmitoyl tripeptide-5,tetradecyl aminobutyroylvalylaminobutyric urea trifluoroacetate, butylene glycol, hydrogenated castor oil, sodium chloride, octyldodecanol, stearoxymethicone,dimethicone copolymer, dimethicone, magnesium chloride, pentaerythrityl tetra - di - t - butyl hydroxyhydrocinnamate, bht, diazolidinyl urea, methylparaben, propylparaben, parfum, benzyl salicylate, linalool, hexyl cinnamal, limonene, hydroxycitronellal, geraniol, citronellol, alpha isomethyl ionone"
L'Oréal Paris Revitalift,"krem do twarzy na noc, 50 ml",16,71.49,109.99,/loreal-paris-krem-do-twarzy-na-noc-50-ml-000000000000410394.html,"Kojące,
Nawilżające,
Przeciwzmarszczkowe","Aqua/Water, Butylene Glycol, Glycerin, Niacinamide, Isononyl Isononanoate, Glycine Soja Oil/Sobean Oil, Aluminum Starch Octenylsuccinate, Caprylic/Capric Triglyceride, Acetyl Dipeptide-1 Cetyl Ester, Pentaerythrityl Tetra-Di-T-Butyl Hydroxyhydrocinnamate, Sodium Hyaluronate, Trisodium Ethylenediamine Disuccinate, Panthenol, Retinol, Retinyl Palmitate, Acrylates/Beheneth-25 Methacrylate Copolymer, Hydroxyethylcellulose, Polyglyceryl-3 Methylglucose Distearate, Sodium Polyacrylate, Sorbitan Laurate, Tocopherol, Dimethicone, Benzyl Alcohol, Citronellol, Isoeugenol, Limonene, Linalool, Caprylyl Glycol, Chlorphenesin, Phenoxyethanol, Parfum/Fragrance (F.I.L. Z291023/1)",4.8,50.0,219.98,142.98,L'Oréal Paris,35.00318210746431,"water,water, butylene glycol, glycerin, niacinamide, isononyl isononanoate, glycine soja oil,sobean oil, aluminum starch octenylsuccinate, caprylic,capric triglyceride, acetyl dipeptide-1 cetyl ester, pentaerythrityl tetra - di - t - butyl hydroxyhydrocinnamate, sodium hyaluronate, trisodium ethylenediamine disuccinate, panthenol, retinol, retinyl palmitate, acrylates,beheneth-25 methacrylate copolymer, hydroxyethylcellulose, polyglyceryl-3 methylglucose distearate, sodium polyacrylate, sorbitan laurate, tocopherol, dimethicone, benzyl alcohol, citronellol, isoeugenol, limonene, linalool, caprylyl glycol, chlorphenesin, phenoxyethanol, parfum,fragrance (f.i.l.z291023/1)"
Eveline Cosmetics Prestige 24K,"przeciwzmarszczkowy krem do twarzy na noc, 50 ml",17,44.99,44.99,/eveline-cosmetics-przeciwzmarszczkowy-krem-do-twarzy-na-noc-50-ml-000000000000371859.html,przeciwzmarszczkowy,"Aqua (Water),Glycerin,Dimethicone,Snail Secretion Filtrate,Ethylhexyl Stearate,Isononyl Isononanoate,Caprylic/Capric Triglyceride,Glyceryl Stearate,PEG-100 Stearate,Propylene Glycol,Cetearyl Alcohol,Polybutene,Butyrospermum Parkii (Shea) Butter,Camellia Japonica Seed Oil,Mel (Honey) Extract,Caviar Extract,Tocopheryl Acetate,Panthenol,Bakuchiol,Calcium PCA,Magnesium PCA,Ceramide NP,Ceramide AP,Ceramide EOP,Acetyl Hexapeptide-8,Phytosphingosine,Gold,Silver,Phenoxyethanol,Methylparaben,Ethylparaben,Propylparaben,Butylparaben,DMDM Hydantoin,Ethylhexylglycerin,Sodium Benzoate,Potassium Sorbate,Fragrance,Carbomer,Triethanolamine,Dimethicone/Vinyl Dimethicone Crosspolymer,Xanthan Gum,Sodium Lauroyl Lactylate,Citric Acid,Caprylyl Glycol,Cholesterol,Disodium EDTA.",4.5,50.0,89.98,89.98,Eveline Cosmetics,0.0,"water (water),glycerin, dimethicone, snail secretion filtrate, ethylhexyl stearate, isononyl isononanoate, caprylic,capric triglyceride, glyceryl stearate, peg-100 stearate, propylene glycol, cetearyl alcohol, polybutene, butyrospermum parkii (shea) butter, camellia japonica seed oil, mel (honey) extract, caviar extract, tocopheryl acetate, panthenol, bakuchiol, calcium pca, magnesium pca, ceramide np, ceramide ap, ceramide eop, acetyl hexapeptide-8,phytosphingosine, gold, silver, phenoxyethanol, methylparaben, ethylparaben, propylparaben, butylparaben, dmdm hydantoin, ethylhexylglycerin, sodium benzoate, potassium sorbate, fragrance, carbomer, triethanolamine, dimethicone,vinyl dimethicone crosspolymer, xanthan gum, sodium lauroyl lactylate, citric acid, caprylyl glycol, cholesterol, disodium edta."
Sensilis Supreme,"odmładzający krem do twarzy na dzień SPF15, 50 ml",5,157.99,157.99,/sensilis-odmladzajacy-krem-do-twarzy-na-dzien-spf15-50-ml-000000000000406902.html,odmładzający,Aqua (Water); Butylene Glycol; Ethylhexyl Methoxycinnamate; Glycerin; Cetearyl Alcohol; Cyclopentasiloxane; Butyl Methoxydibenzoylmethane; Octocrylene; Caprylic/Capric Triglyceride; HDI/Trimethylol Hexyllactone Crosspolymer; Diethylhexyl Carbonate; Stearic Acid; Theobroma cacao (Cocoa) Seed Butter; Cetearyl Glucoside; Glyceryl Stearate; PEG-100 Stearate; Propylene Glycol; Phenoxyethanol; Dimethicone; Panthenol; Sodium Polyacrylate; Tocopheryl Acetate; Dimethiconol; Allantoin; Disodium EDTA; Ethylhexylglycerin; PEG-8; Chondrus crispus (Carrageenan) Extract; Moringa oleifera Seed Extract; Silica; Sodium Hyaluronate; Tocopherol; Caviar Extract; BHT; Ascorbyl Palmitate; Salicylic Acid; Oryza sativa (Rice) Extract; C12-13 Pareth -23; C12-13 Pareth-3; Potassium Sorbate; Sodium Benzoate; Ascorbic Acid; Citric Acid; Sorbic Acid; CI 16035 (Red 40); Parfum (Fragrance).,5.0,50.0,315.98,315.98,Sensilis,0.0,"water (water) ; butylene glycol ; ethylhexyl methoxycinnamate ; glycerin ; cetearyl alcohol ; cyclopentasiloxane ; butyl methoxydibenzoylmethane ; octocrylene ; caprylic,capric triglyceride ; hdi,trimethylol hexyllactone crosspolymer ; diethylhexyl carbonate ; stearic acid ; theobroma cacao (cocoa) seed butter ; cetearyl glucoside ; glyceryl stearate ; peg-100 stearate ; propylene glycol ; phenoxyethanol ; dimethicone ; panthenol ; sodium polyacrylate ; tocopheryl acetate ; dimethiconol ; allantoin ; disodium edta ; ethylhexylglycerin ; peg-8 ; chondrus crispus (carrageenan) extract ; moringa oleifera seed extract ; silica ; sodium hyaluronate ; tocopherol ; caviar extract ; bht ; ascorbyl palmitate ; salicylic acid ; oryza sativa (rice) extract ; c12 - 13 pareth -23 ; c12 - 13 pareth-3 ; potassium sorbate ; sodium benzoate ; ascorbic acid ; citric acid ; sorbic acid ; ci 16035 (red40) ; parfum (fragrance)."
Nivea Men,"krem przeciwzmarszkowy do twarzy, 50 ml",11,37.99,58.99,/nivea-krem-przeciwzmarszkowy-do-twarzy-50-ml-000000000000384085.html,Przeciwzmarszczkowe,"Aqua, Glycerin, Isopropyl Palmitate, Tapioca Starch, Caprylic/Capric Triglyceride, Cetearyl Alcohol, Ethylhexyl Cocoate, Hydrogenated Coco-Glycerides, Octocrylene, Polyglyceryl-3 Methylglucose Distearate, Butyl Methoxydibenzoylmethane, Phenylbenzimidazole Sulfonic Acid, Sodium Hyaluronate, Creatine, 1-Methylhydantoin-2-Imide, Sodium Hydroxide, Ethylhexylglycerin, Carbomer, Acrylates/C10-30 Alkyl Acrylate Crosspolymer, Trisodium EDTA, Phenoxyethanol, Piroctone Olamine, Linalool, Limonene, Coumarin, Parfum",4.9,50.0,117.98,75.98,Nivea,35.59925411086625,"water, glycerin, isopropyl palmitate, tapioca starch, caprylic,capric triglyceride, cetearyl alcohol, ethylhexyl cocoate, hydrogenate coco - glyceride, octocrylene, polyglyceryl-3 methylglucose distearate, butyl methoxydibenzoylmethane, phenylbenzimidazole sulfonic acid, sodium hyaluronate, creatine, 1 - methylhydantoin-2 - imide, sodium hydroxide, ethylhexylglycerin, carbomer, acrylates,c10 - 30 alkyl acrylate crosspolymer, trisodium edta, phenoxyethanol, piroctone olamine, linalool, limonene, coumarin, parfum"
beBIO Ewa Chodakowska,"przeciwzmarszczkowy krem-maska do twarzy 40+ na noc, 50 ml",8,32.89,46.99,/bebio-przeciwzmarszczkowy-krem-maska-do-twarzy-40-na-noc-50-ml-000000000000422959.html,przeciwzmarszczkowy,"Aqua,Caprylic/Capric Triglyceride,Aloe Barbadensis Leaf Juice,Polyglyceryl-3 Stearate,Macadamia Integrifolia Seed Oil,Glycerin,Glyceryl Stearate,Aphanizomenon Flos Aquae Extract,Caryodendron Orinocense Seed Oil,Argania Spinosa Kernel Oil,Sodium Hyaluronate,Sucrose,Butyrospermum Parkii Butter,Tocopherol,Helianthus Annuus Seed Oil,Cetearyl Alcohol,Sodium Stearoyl Lactylate,Xanthan Gum,Sodium Phytate,Citric Acid,Sodium Benzoate,Potassium Sorbate,Glyceryl Caprylate,Phenethyl Alcohol,Parfum",3.9,50.0,93.98,65.78,beBIO,30.006384337093,"water, caprylic,capric triglyceride, aloe barbadensis leaf juice, polyglyceryl-3 stearate, macadamia integrifolia seed oil, glycerin, glyceryl stearate, aphanizomenon flos watere extract, caryodendron orinocense seed oil, argania spinosa kernel oil, sodium hyaluronate, sucrose, butyrospermum parkii butter, tocopherol, helianthus annuus seed oil, cetearyl alcohol, sodium stearoyl lactylate, xanthan gum, sodium phytate, citric acid, sodium benzoate, potassium sorbate, glyceryl caprylate, phenethyl alcohol, parfum"
Pharmaceris T Sebo-Almond Peel 10%,"krem z 10% kwasem migdałowym na noc II stopień złuszczania, 50 ml",5,59.99,59.99,/pharmaceris-krem-z-10-kwasem-migdalowym-na-noc-ii-stopien-zluszczania-50-ml-000000000000225469.html,Peelingujące,"10% kwasu migdałowego – aromatyczny hydroksykwas o działaniu antybakteryjnym. Działa złuszczająco i regenerująco na naskórek. Reguluje proces powstawania zaskórników, zmniejszając ich widoczność oraz częstotliwość pojawiania się zmian trądzikowych. Zmniejsza oznaki starzenia się skóry. Wyrównuje strukturę skóry oraz wspomaga proces rozjaśniania przebarwień potrądzikowych.
Proteiny ze słodkich migdałów – powodują wygładzenie naskórka poprzez napięcie skóry, która staje się świeża i wypoczęta.",4.9,50.0,119.98,119.98,Pharmaceris,0.0,"10 % kwasu migdałowego – aromatyczny hydroksykwa o działaniu antybakteryjnym. działa złuszczająco i regenerująco na naskórek. reguluje proce powstawania zaskórników, zmniejszając ich widoczność oraz częstotliwość pojawiania się zmian trądzikowych. zmniejsza oznaki starzenia się skóry. wyrównuje strukturę skóry oraz wspomaga proce rozjaśniania przebarwień potrądzikowych. 
 proteiny ze słodkich migdałów – powodują wygładzenie naskórka poprzez napięcie skóry, która staje się świeża i wypoczęta."
Soraya Duo Forte,"krem do twarzy wypełniający zmarszczki głębokie na dzień i na noc 60+, 50 ml",22,27.99,27.99,/soraya-krem-do-twarzy-wypelniajacy-zmarszczki-na-dzien-na-noc-60-50ml-000000000000309709.html,Regenerujące,"Aqua, Decyl Oleate, Ethylhexyl Stearate, Caprylic/Capric Triglyceride, Cyclopentasiloxane, Glycerin, Cetyl PEG/PPG-10/1 Dimethicone, Propanediol, Cera Microcristallina, Polyglyceryl-4 Isostearate, Triticum Vulgare Germ Oil, Tocopheryl Acetate, Artemisia Abrotanum Extract, Sodium Hyaluronate Crosspolymer, Tocopherol, Sodium Hyaluronate, Hydrogenated Palm Glycerides Citrate, Ascorbyl Palmitate, Calcium Pantothenate, Cyanocobalamin, Folic Acid, Inositol, Niacinamide, Pyridoxine HCl, Riboflavin, Thiamine HCl, Butylene Glycol, Pentylene Glycol, Hydrogenated Castor Oil, Disodium Phosphate, Ethylhexyl Palmitate, Potassium Phosphate, Sodium Chloride, Octadecyl Di-T-Butyl-4-Hydroxyhydrocinnamate, Silica Dimethyl Silylate, Caprylyl Glycol, BHT, DMDM Hydantoin, Methylparaben, Propylparaben, Phenoxyethanol, Parfum, Limonene, Linalool, Alpha Isomethyl Ionone, Citronellol",4.8,50.0,55.98,55.98,Soraya,0.0,"water, decyl oleate, ethylhexyl stearate, caprylic,capric triglyceride, cyclopentasiloxane, glycerin, cetyl peg,ppg-10/1 dimethicone, propanediol, cera microcristallina, polyglyceryl-4 isostearate, triticum vulgare germ oil, tocopheryl acetate, artemisia abrotanum extract, sodium hyaluronate crosspolymer, tocopherol, sodium hyaluronate, hydrogenated palm glycerides citrate, ascorbyl palmitate, calcium pantothenate, cyanocobalamin, folic acid, inositol, niacinamide, pyridoxine hcl, riboflavin, thiamine hcl, butylene glycol, pentylene glycol, hydrogenated castor oil, disodium phosphate, ethylhexyl palmitate, potassium phosphate, sodium chloride, octadecyl di - t - butyl-4 - hydroxyhydrocinnamate, silica dimethyl silylate, caprylyl glycol, bht, dmdm hydantoin, methylparaben, propylparaben, phenoxyethanol, parfum, limonene, linalool, alpha isomethyl ionone, citronellol"
Dermedic Hydrain3 Hialuro,"ultranawilżający krem-żel do twarzy, 50 g",316,24.99,37.99,/dermedic-krem-zel-do-twarzy-50g-000000000000273818.html,nawilżający,"Aqua, Caprylic/Capric Triglyceride, Glycerin, Urea, Methylpropanediol, Isocetyl Stearate, Sodium Hyaluronate, Betaine, Cetyl Alcohol, Squalane, Tocopheryl Acetate, Trehalose, Sodium Hyaluronate Crosspolymer, Propanediol, Hydrolyzed Glycosaminoglycans, Hydrolyzed Hyaluronic Acid, Hyaluronic Acid, Benzyl Glycol, Raspberry Ketone, Polyacrylamide, C13-14 Isoparaffin, Laureth-7, Acrylates/C10-30 Alkyl Acrylate Crosspolymer, Triethanolamine, Phenoxyethanol, Ethylhexylglycerin, Iodopropynyl Butylcarbamate, Parfum, CI 42090",4.4,50.0,75.98,49.98,Dermedic,34.21953145564623,"water, caprylic,capric triglyceride, glycerin, urea, methylpropanediol, isocetyl stearate, sodium hyaluronate, betaine, cetyl alcohol, squalane, tocopheryl acetate, trehalose, sodium hyaluronate crosspolymer, propanediol, hydrolyzed glycosaminoglycans, hydrolyzed hyaluronic acid, hyaluronic acid, benzyl glycol, raspberry ketone, polyacrylamide, c13 - 14 isoparaffin, laureth-7, acrylates,c10 - 30 alkyl acrylate crosspolymer, triethanolamine, phenoxyethanol, ethylhexylglycerin, iodopropynyl butylcarbamate, parfum, ci 42090"
Nivea 24h Nawilżenia,"regenerujący i odżywczy krem do twarzy na noc, 50 ml",5,25.59,25.99,/nivea-regenerujacy-i-odzywczy-krem-do-twarzy-na-noc-50-ml-000000000000367298.html,odżywczy,"Aqua, Glycerin, Cetearyl Alcohol, Butyrospermum Parkii Butter, Caprylic/Capric Triglyceride, Hydrogenated Coco-Glycerides, Methylpropanediol, Glyceryl Stearate Citrate, Cetearyl Isononanoate, Cocoglycerides, Hydroxypropyl Starch Phosphate, Prunus Amygdalus Dulcis Oil, Panthenol, Pantolactone, Ethylhexylglycerin, Xanthan Gum, Citric Acid, Phenoxyethanol, Parfum",5.0,50.0,51.98,51.18,Nivea,1.5390534821084978,"water, glycerin, cetearyl alcohol, butyrospermum parkii butter, caprylic,capric triglyceride, hydrogenate coco - glyceride, methylpropanediol, glyceryl stearate citrate, cetearyl isononanoate, cocoglyceride, hydroxypropyl starch phosphate, prunus amygdalus dulcis oil, panthenol, pantolactone, ethylhexylglycerin, xanthan gum, citric acid, phenoxyethanol, parfum"
Ava Rozszerzone Naczynka,"krem-serum do twarzy na noc, 50 ml",14,34.99,34.99,/ava-krem-serum-do-twarzy-na-noc-50-ml-000000000000407790.html,Wzmacniające naczynka,"Aqua, Glycerin, Vitis Vinifera Seed Oil, Butylene Glycol, Octyldodecanol, Polyacrylate-13, Argania Spinosa Kernel Oil, Olus Oil, Panthenol, Glycine Soja Oil, Hydrolyzed Yeast Protein, Glucosyl Hesperidin, Escin, Tocopherol, Ruscus Aculeatus Root Extract, Ammonium Glycyrrhizate, Beta-Sitosterol, Xylose, Centella Asiatica Leaf Extract, Squalene, Calendula Officinalis Flower Extract, Octyldodecyl Xyloside, PEG-30 Dipolyhydroxystearate, Polyisobutene, Hydrogenated Ethylhexyl Olivate, Coco-Caprylate/Caprate, Hydrogenated Olive Oil Unsaponifiables, Phenoxyethanol, Ethylhexylglycerin, Polysorbate 20, Sorbitan Isostearate, Pentylene Glycol, Sodium Citrate, Parfum",4.6,50.0,69.98,69.98,Ava,0.0,"water, glycerin, vitis vinifera seed oil, butylene glycol, octyldodecanol, polyacrylate-13, argania spinosa kernel oil, olus oil, panthenol, glycine soja oil, hydrolyzed yeast protein, glucosyl hesperidin, escin, tocopherol, ruscus aculeatus root extract, ammonium glycyrrhizate, beta - sitosterol, xylose, centella asiatica leaf extract, squalene, calendula officinalis flower extract, octyldodecyl xyloside, peg-30 dipolyhydroxystearate, polyisobutene, hydrogenate ethylhexyl olivate, coco - caprylate,caprate, hydrogenate olive oil unsaponifiable, phenoxyethanol, ethylhexylglycerin, polysorbate 20, sorbitan isostearate, pentylene glycol, sodium citrate, parfum"
Bielenda Vegan Muesli,"matujący krem do twarzy na dzień i noc, 50 ml",5,15.39,21.99,/bielenda-matujacy-krem-do-twarzy-na-dzien-i-noc-50-ml-000000000000367318.html,Odświeżające,"Aqua (Water),Stearyl Alcohol,Glycerin,Squalane,Cyclopentasiloxane,Dimethicone,Avena Sativa (Oat) Kernel Flour,Avena Sativa (Oat) Bran Extract,Triticum Vulgare (Wheat) Germ Oil,Hydrolyzed Rice Bran Protein,Oryza Sativa (Rice) Bran Oil,Argania Spinosa (Argan) Kernel Oil,Allantoin,Niacinamide,Potassium Azeloyl Diglycinate,Topoheryl Acetate,Caprylic/Capric Triglyceride,Hydrolyzed Glycosaminoglycans,Hyaluronic Acid,Tocopherol,Beta-Sitosterol,Squalene,Ascorbyl Palmitate,Glycine Soja (Soybean) Oil,Vegatable Oil,Sodium Stearoyl Glutamate,Isododecane,Hydrogenated Tetradecenyl/Methylpentadeceme,Nylon 6/12,Sodium Polycarylate,Ammonium Acryloyldimethyltaurate/VP Copolymer,Disodium EDTA,Ethylhexylglycerin,Phenoxyethanol,Benzyl Alcohol,Potassium Sorbate,Sodium Benzoate,Parfum (Fragrance),Hexyl Cinnamal,Linalool",5.0,50.0,43.98,30.78,Bielenda,30.013642564802172,"water (water),stearyl alcohol, glycerin, squalane, cyclopentasiloxane, dimethicone, avena sativa (oat) kernel flour, avena sativa (oat) bran extract, triticum vulgare (wheat) germ oil, hydrolyzed rice bran protein, oryza sativa (rice) bran oil, argania spinosa (argan) kernel oil, allantoin, niacinamide, potassium azeloyl diglycinate, topoheryl acetate, caprylic,capric triglyceride, hydrolyzed glycosaminoglycans, hyaluronic acid, tocopherol, beta - sitosterol, squalene, ascorbyl palmitate, glycine soja (soybean) oil, vegatable oil, sodium stearoyl glutamate, isododecane, hydrogenated tetradecenyl,methylpentadeceme, nylon 6/12,sodium polycarylate, ammonium acryloyldimethyltaurate,vp copolymer, disodium edta, ethylhexylglycerin, phenoxyethanol, benzyl alcohol, potassium sorbate, sodium benzoate, parfum (fragrance),hexyl cinnamal, linalool"
Bergamo Pure Snail,"krem przeciwzmarszczkowy z ekstraktem ze śluzu ślimaka, 50 ml",93,62.99,62.99,/bergamo-krem-przeciwzmarszczkowy-z-ekstraktem-ze-sluzu-slimaka-50-ml-000000000000262672.html,przeciwzmarszczkowy,"Aqua, Helianthus Annuus (Sunflower)seed oil, Butylene Glycol, Glycerin, Cetyl Ethylhexanoate, Hydrogenated Polydecene, Cetyl Alcohol, Stearic Acid, Beeswax, Glyceryl Stearate SE, Butyrospermum Parkii (Shea Butter), Sorbitan Stearate, Glyceryl Stearate, Dimethicone, Phenoxyethanol, PEG-100 Stearate, Carbomer, Triethanolamine, Caramel, Allantoin, Disodium EDTA, Parfum, Adenosine, Snail Secretion Filtrate, Aloe Barbadensis Leaf Extract, CI 17200",4.6,50.0,125.98,125.98,Bergamo,0.0,"water, helianthus annuus (sunflower)seed oil, butylene glycol, glycerin, cetyl ethylhexanoate, hydrogenate polydecene, cetyl alcohol, stearic acid, beeswax, glyceryl stearate se, butyrospermum parkii (sheabutter), sorbitan stearate, glyceryl stearate, dimethicone, phenoxyethanol, peg-100 stearate, carbomer, triethanolamine, caramel, allantoin, disodium edta, parfum, adenosine, snail secretion filtrate, aloe barbadensis leaf extract, ci 17200"
Weleda Skin Food Light,"nawilżający krem do twarzy, 30 ml",19,28.99,28.99,/weleda-nawilzajacy-krem-do-twarzy-30-ml-000000000000401167.html,nawilżający,"Water, Helianthus Annuus Seed Oil , Glycerin, Alcohol, Glyceryl Stearate Citrate, Cera Alba, Theobroma Cacao Seed Butter, Cetearyl Alcohol, Butyrospermum Parkii ( Shea) Butter , Limonene*, Viola Tricolor Extract, Rosmarinus Officinalis Leaf Extract, Chamomilla Recutita Flower Extract, Calendula Officinalis Extract, Lanolin, Carrageenan Xanthan Gum, Lactic Acid, Glyceryl Caprylate, Fragrance* , Linalool*, Geraniol*, Citral* * z naturalnych olejków eterycznych",4.5,30.0,96.63,96.63,Weleda,0.0,"water, helianthus annuus seed oil, glycerin, alcohol, glyceryl stearate citrate, cera alba, theobroma cacao seed butter, cetearyl alcohol, butyrospermum parkii (shea) butter, limonene *, viola tricolor extract, rosmarinus officinalis leaf extract, chamomilla recutita flower extract, calendula officinalis extract, lanolin, carrageenan xanthan gum, lactic acid, glyceryl caprylate, fragrance *, linalool *, geraniol *, citral * * z naturalnych olejków eterycznych"
Holika Holika,"nawilżający krem BB z SPF25 PA++ do twarzy, 30 ml",12,47.99,47.99,/holika-holika-nawilzajacy-krem-bb-z-spf25-pa-do-twarzy-30-ml-000000000000376336.html,nawilżający,"WATER, CYCLOPENTASILOXANE, ETHYLHEXYL METHOXYCINNAMATE, TITANIUM DIOXIDE, METHICONE, DIMETHICONE, BUTYLENE GLYCOL DICAPRYLATE/DICAPRATE, BUTYELENE GLYCOL, DIPROPYLENE GLYCOL, CYCLOMETHICONE, DIMETHICONE/VINYL DIMETHICONE CROSSPOLYMER, PEG-10 DIMETHICONE, CAPRYLIC/CAPRIC TRIGLYCERIDE, CETYL PEG/PPG-10/1 DIMETHICONE, TRIBEHENIN, IRON OXIDES (CI 77492) & MICA & METHICONE, POLYMETHYL METHACRYLATE, DISTEARDIMONIUM HECTORITE, TRIETHYL CITRATE, HYDROGENATED CASTOR OIL ISOSTEARATE, SODIUM CHLORIDE, IRON OXIDES (CI 77491) & MICA & METHICONE, IRON OXIDES (CI 77499) & MICA & METHICONE, SORBITAN SESQUIOLEATE, PHONOXYETHANOL, GLYCERYL BEHENATE, METHYLPARABEN, POLYGLYCERYL-6 OCTASTEARATE, PROPYLPARABEN, FRAGRANCE, XANTHAN GUM, SODIUM HYALURONATE",4.4,30.0,159.97,159.97,Holika Holika,0.0,"water, cyclopentasiloxane, ethylhexyl methoxycinnamate, titanium dioxide, methicone, dimethicone, butylene glycol dicaprylate,dicaprate, butyelene glycol, dipropylene glycol, cyclomethicone, dimethicone,vinyl dimethicone crosspolymer, peg-10 dimethicone, caprylic,capric triglyceride, cetyl peg,ppg-10/1 dimethicone, tribehenin, iron oxides (ci77492) & mica & methicone, polymethyl methacrylate, disteardimonium hectorite, triethyl citrate, hydrogenated castor oil isostearate, sodium chloride, iron oxides (ci77491) & mica & methicone, iron oxides (ci77499) & mica & methicone, sorbitan sesquioleate, phonoxyethanol, glyceryl behenate, methylparaben, polyglyceryl-6 octastearate, propylparaben, fragrance, xanthan gum, sodium hyaluronate"
Eveline Cosmetics Prestige 24K,"krem do twarzy na dzień, 50 ml",14,44.99,44.99,/eveline-cosmetics-krem-do-twarzy-na-dzien-50-ml-000000000000371858.html,Przeciwzmarszczkowe,"Aqua (Water),Glycerin,Snail Secretion Filtrate,Isopropyl Myristate,Ceteareth-20,Cetearyl Alcohol,Dimethicone,Butyrospermum Parkii (Shea) Butter,Cocos Nucifera (Coconut) Oil,Oryza Sativa (Rice) Bran Oil,Orchis Mascula Extract,Caviar Extract,Betaine,Sodium Hyaluronate,Tocopheryl Acetate,Bakuchiol,Magnesium PCA,Retinyl Palmitate,Tribehenin,Ceramide NG,Dipeptide Diaminobutyroyl Benzylamide Diacetate,Palmitoyl Hexapeptide-12,Gold,Silver,Phenoxyethanol,Ethylhexylglycerin,Hydroxyacetophenone,Potassium Sorbate,Fragrance,Polyacrylamide,Sodium Polyacrylate,C13-14 Isoparaffin,Acrylates/C10-30 Alkyl Acrylate Crosspolymer,Triethanolamine,PEG-6 Caprylic/Capric Glycerides,Laureth-7,Propylene Glycol,Sucrose Palmitate,C12-15 Alkyl Benzoate,Glyceryl Linoleate,Citric Acid,PEG-10 Phytosterol,Lactic Acid.",5.0,50.0,89.98,89.98,Eveline Cosmetics,0.0,"water (water),glycerin, snail secretion filtrate, isopropyl myristate, ceteareth-20,cetearyl alcohol, dimethicone, butyrospermum parkii (shea) butter, cocos nucifera (coconut) oil, oryza sativa (rice) bran oil, orchis mascula extract, caviar extract, betaine, sodium hyaluronate, tocopheryl acetate, bakuchiol, magnesium pca, retinyl palmitate, tribehenin, ceramide ng, dipeptide diaminobutyroyl benzylamide diacetate, palmitoyl hexapeptide-12,gold, silver, phenoxyethanol, ethylhexylglycerin, hydroxyacetophenone, potassium sorbate, fragrance, polyacrylamide, sodium polyacrylate, c13 - 14 isoparaffin, acrylates,c10 - 30 alkyl acrylate crosspolymer, triethanolamine, peg-6 caprylic,capric glycerides, laureth-7,propylene glycol, sucrose palmitate, c12 - 15 alkyl benzoate, glyceryl linoleate, citric acid, peg-10 phytosterol, lactic acid."
Alma K. Hydrate,"odżywczy krem do twarzy na noc, 50 ml",22,104.99,154.99,/alma-k-krem-do-twarzy-50ml-000000000000355580.html,odżywczy,"Aqua (Water), Simmondsia Chinensis (Jojoba) Seed Oil, Caprylic/Capric Triglyceride, Glyceryl Stearate SE, Cetearyl Alcohol, Cetyl Alcohol, Olea Europaea (Olive) Fruit Oil, Glycerin, Calendula Officinalis (Pot Marigold) Flower Oil, Cera Alba (Beeswax), Maris Aqua (Dead Sea Water), Butyrospermum Parkii (Shea) Butter, Persea Gratissima (Avocado) Oil, Aloe Barbadensis (Aloe Vera) Leaf Juice, Vitis Vinifera (Grape) Seed Oil, Prunus Amygdalus Dulcis (Sweet Almond) Oil, Cucumis Sativus (Cucumber) Fruit Extract, Anthemis Nobilis (Chamomile) Flower Extract, Rosa Canina (Rosehip) Fruit Oil, Aleurites Moluccana (Kukui) Seed Oil, Camellia Sinensis (Green Tea) Leaf Extract, Punica Granatum (Pomegranate) Extract, Tocopheryl Acetate (Vit E), Hydrogenated Vegetable Oil, Parfum (Fragrance), Phenoxyethanol, Dimethicone, Propylene Glycol, Triethylene Glycol, Glyceryl Stearate, Linalool, Citric Acid, Hexyl Cinnamal, Sodium Benzoate, Potassium Sorbate, Hydroxycitronellal, Benzyl Alcohol, Benzoic Acid, Dehydroacetic Acid.",4.6,50.0,309.98,209.98,Alma K.,32.26014581585909,"water (water), simmondsia chinensis (jojoba) seed oil, caprylic,capric triglyceride, glyceryl stearate se, cetearyl alcohol, cetyl alcohol, olea europaea (olive) fruit oil, glycerin, calendula officinalis (potmarigold) flower oil, cera alba (beeswax), maris water (deadseawater), butyrospermum parkii (shea) butter, persea gratissima (avocado) oil, aloe barbadensis (aloevera) leaf juice, vitis vinifera (grape) seed oil, prunus amygdalus dulcis (sweetalmond) oil, cucumis sativus (cucumber) fruit extract, anthemis nobilis (chamomile) flower extract, rosa canina (rosehip) fruit oil, aleurites moluccana (kukui) seed oil, camellia sinensis (greentea) leaf extract, punica granatum (pomegranate) extract, tocopheryl acetate (vite), hydrogenated vegetable oil, parfum (fragrance), phenoxyethanol, dimethicone, propylene glycol, triethylene glycol, glyceryl stearate, linalool, citric acid, hexyl cinnamal, sodium benzoate, potassium sorbate, hydroxycitronellal, benzyl alcohol, benzoic acid, dehydroacetic acid."
Dermedic Oilage,"naprawczy krem przywracający gęstość skóry na noc 40+, 50 g",29,69.99,69.99,/dermedic-krem-do-twarzy-na-noc-50g-000000000000307086.html,"Nawilżające,
Ochronne,
Odżywcze,
Przeciwzmarszczkowe,
Regenerujące,
Ujędrniające","Aqua, Glycerin, Glycine Soja Oil, Isopropyl Palmitate, Sorbeth-30 Tetraisostearate, Sorbitan Sesquiisostearate, PPG-8-Ceteth-20, Acrylates/Beheneth-25 Methacrylate Copolymer, Dipropylene Glycol, Caprylic/Capric Triglyceride, Dimethicone, Sodium Hyaluronate, Glycine Soja Seed Extract, Propylene Glycol, Sorbitol, Persea Gratissima Oil, Oenothera Biennis Oil, Glutamine, Decyl Glucoside, Phenethyl Alcohol, Citric Acid, Cistus Incanus Flower/Leaf/Stem Extract, Gynostemma Pentaphyllum Leaf/Stem Extract, Helianthus Annuus Seed Oil, Daucus Carota Sativa Root Extract, Daucus Carota Sativa Seed Oil, Beta-Carotene, Lithospermum Officinale Root Extract, Octyldodecyl Myristate, Sodium Hydroxide, DMDM Hydantoin, Iodopropynyl Butylcarbamate, Parfum",4.5,50.0,139.98,139.98,Dermedic,0.0,"water, glycerin, glycine soja oil, isopropyl palmitate, sorbeth-30 tetraisostearate, sorbitan sesquiisostearate, ppg-8 - ceteth-20, acrylates,beheneth-25 methacrylate copolymer, dipropylene glycol, caprylic,capric triglyceride, dimethicone, sodium hyaluronate, glycine soja seed extract, propylene glycol, sorbitol, persea gratissima oil, oenothera biennis oil, glutamine, decyl glucoside, phenethyl alcohol, citric acid, cistus incanus flower,leaf,stem extract, gynostemma pentaphyllum leaf,stem extract, helianthus annuus seed oil, daucus carota sativa root extract, daucus carota sativa seed oil, beta - carotene, lithospermum officinale root extract, octyldodecyl myristate, sodium hydroxide, dmdm hydantoin, iodopropynyl butylcarbamate, parfum"
Ziaja Naturalnie Pielęgnujemy,"nawilżający krem do twarzy na dzień, 50 ml",63,12.29,12.29,/ziaja-nawilzajacy-krem-do-twarzy-na-dzien-50-ml-000000000000411827.html,nawilżający,"Aqua (Water),Octyldodecanol,Canola Oil,Butyrospermum Parkii (Shea) Butter,Glycerin,Glyceryl Stearate,Glyceryl Stearate Citrate,Cetyl Alcohol,Shea Butter Ethyl Esters,Tripelargonin (C8-C12 Acid Triglyceride),Olea Europaea (Olive) Fruit Oil,Ceramide NP (3),Ceramide AP (611),Ceramide EOP (1),Phytosphingosine,Cholesterol,Sodium Lauroyl Lactylate,Xanthan Gum,Hydroxyacetophenone,Sodium Benzoate,Carbomer,Parfum (Fragrance),Citral,Limonene,Sodium Hydroxide",4.8,50.0,24.58,24.58,Ziaja,0.0,"water (water),octyldodecanol, canola oil, butyrospermum parkii (shea) butter, glycerin, glyceryl stearate, glyceryl stearate citrate, cetyl alcohol, shea butter ethyl esters, tripelargonin (c8-c12acidtriglyceride),olea europaea (olive) fruit oil, ceramide np (3),ceramide ap (611),ceramide eop (1),phytosphingosine, cholesterol, sodium lauroyl lactylate, xanthan gum, hydroxyacetophenone, sodium benzoate, carbomer, parfum (fragrance),citral, limonene, sodium hydroxide"
Cetaphil MD Dermoprotektor,"balsam nawilżający do twarzy i ciała, 500 ml",7,69.99,94.99,/cetaphil-balsam-nawilzajacy-do-twarzy-i-ciala-500-ml-000000000000384536.html,nawilżający,"Aqua, Glycerin, Isopropyl Palmitate, Cetearyl Alcohol, Ceteareth-20, Panthenol, Niacinamide, Tocopheryl Acetate, Dimethicone, Persea Gratissima Oil, Helianthus Annuus Seed Oil, Pantolactone, Glyceryl Stearate, Sodium Benzoate, Benzyl Alcohol, Citric Acid. FIL.1745.V00",5.0,500.0,19.0,14.0,Cetaphil,26.318559848405098,"water, glycerin, isopropyl palmitate, cetearyl alcohol, ceteareth-20, panthenol, niacinamide, tocopheryl acetate, dimethicone, persea gratissima oil, helianthus annuus seed oil, pantolactone, glyceryl stearate, sodium benzoate, benzyl alcohol, citric acid. fil.1745.v00"
L'Oréal Paris Ekspert Wieku,"przeciwzmarszczkowy krem ujędrniający na noc 50+, 50 ml",7,21.59,33.99,/loreal-paris-50-przeciwzmarszczkowy-krem-ujedrniajacy-na-noc-50ml-000000000000271088.html,ujędrniający,782732 9 - INGREDIENTS: AQUA / WATER • GLYCERIN • DIMETHICONE • HYDROGENATED POLYISOBUTENE • CETYL ALCOHOL • GLYCERYL STEARATE • ALUMINUM STARCH OCTENYLSUCCINATE • PEG-40 STEARATE • PRUNUS ARMENIACA KERNEL OIL / APRICOT KERNEL OIL • SHOREA ROBUSTA SEED BUTTER • PARAFFINUM LIQUIDUM / MINERAL OIL • PARAFFIN • STEARIC ACID • STEARYL ALCOHOL • CERA MICROCRISTALLINA / MICROCRYSTALLINE WAX • SORBITAN OLEATE • SORBITAN TRISTEARATE • GLYCINE SOJA PROTEIN / SOYBEAN PROTEIN • TRIETHANOLAMINE • ISOHEXADECANE • SODIUM COCOYL GLUTAMATE • MYRISTIC ACID • MYRISTYL ALCOHOL • PALMITIC ACID • HYDROLYZED SOY PROTEIN • CAPRYLYL GLYCOL • ACETYL TRIFLUOROMETHYLPHENYL VALYLGLYCINE • PENTYLENE GLYCOL • FAEX EXTRACT / YEAST EXTRACT • ETHYLHEXYLGLYCERIN • POLYSORBATE 80 • ACRYLAMIDE/SODIUM ACRYLOYLDIMETHYLTAURATE COPOLYMER • BHT • RETINYL PALMITATE • TOCOPHEROL • PENTAERYTHRITYL TETRA-DI-T-BUTYL HYDROXYHYDROCINNAMATE • POTASSIUM SORBATE • SODIUM BENZOATE • PHENOXYETHANOL • LINALOOL • GERANIOL • ALPHA-ISOMETHYL IONONE • LIMONENE • CITRAL • CITRONELLOL • BENZYL ALCOHOL • PARFUM / FRAGRANCE (F.I.L. B192836/1).,4.8,50.0,67.98,43.18,L'Oréal Paris,36.4813180347161,"782732 9 - ingredient: water,water,glycerin,dimethicone,hydrogenate polyisobutene,cetyl alcohol,glyceryl stearate,aluminum starch octenylsuccinate,peg-40 stearate,prunus armeniaca kernel oil,apricot kernel oil,shorea robusta seed butter,paraffinum liquidum,mineral oil,paraffin,stearic acid,stearyl alcohol,cera microcristallina,microcrystalline wax,sorbitan oleate,sorbitan tristearate,glycine soja protein,soybean protein,triethanolamine,isohexadecane,sodium cocoyl glutamate,myristic acid,myristyl alcohol,palmitic acid,hydrolyzed soy protein,caprylyl glycol,acetyl trifluoromethylphenyl valylglycine,pentylene glycol,faex extract,yeast extract,ethylhexylglycerin,polysorbate 80,acrylamide,sodium acryloyldimethyltaurate copolymer,bht,retinyl palmitate,tocopherol,pentaerythrityl tetra - di - t - butyl hydroxyhydrocinnamate,potassium sorbate,sodium benzoate,phenoxyethanol,linalool,geraniol,alpha - isomethyl ionone,limonene,citral,citronellol,benzyl alcohol,parfum,fragrance (f.i.l.b192836/1)."
L'Oréal Paris Revitalift Laser,"krem pod oczy wypełniający skórę, redukujący zmarszczki i opuchnięcia pod oczami, 15 ml",14,50.19,59.99,/loreal-paris-krem-pod-oczy-wypelniajacy-skore-15ml-000000000000308260.html,"Napinające skórę,
Przeciwzmarszczkowe,
Wygładzające",xxx,4.5,15.0,399.93,334.6,L'Oréal Paris,16.336056009334897,xxx
Eveline Cosmetics Gold Lift Expert,"multi-odżywczy krem-serum z 24k złotem do twarzy 50+, 50 ml",10,18.29,23.99,/eveline-krem-serum-do-twarzy-na-dzien-na-noc-50ml-000000000000289966.html,odżywczy,"'Aqua (Water),Betaine,Caprylic/Capric Triglyceride,Cetearyl Alcohol,Dimethicone,Glycerin,Cetyl Alcohol,Glyceryl Stearate,Butyrospermum Parkii Butter,PEG-75 Stearate,Aleurites Moluccana Seed Oil,Argania Spinosa Kernel Oil,Macadamia Ternifolia Seed Oil,Olus Oil,Laminaria Hyperborea Extract,Maris Limus Extract,Ostrea Shell Extract,Malus Domestica Fruit Cell Culture Extract,Sodium Hyaluronate,Collagen Amino Acids,Tocopheryl Acetate,Panthenol,Retinyl Palmitate,Sodium Lactate,Tocopherol,Gold,Lecithin,Palmitoyl Tripeptide-1,Palmitoyl Tetrapeptide-7,Parfum (Fragrance),Phenoxyethanol,Methylparaben,Butylparaben,Propylparaben,Ethylparaben,DMDM Hydantoin,Ethylhexylglycerin,Potassium Sorbate,Xanthan Gum,Ceteth-20,Steareth-20,Butylene Glycol,Acrylates/C10-30 Alkyl Acrylate Crosspolymer,Triethanolamine,Ethylhexyl Methoxycinnamate,Propylene Glycol,PEG-6 Caprylic/Capric Glycerides,Sorbic Acid,Carbomer,Polysorbate 20,BHT,Benzyl Salicylate Citronellol,Coumarin,Hexyl Cinnamal,Hydroxycitronellal,Limonene,Linalool,CI 77820. '",5.0,50.0,47.98,36.58,Eveline Cosmetics,23.759899958315962,"' water (water),betaine, caprylic,capric triglyceride, cetearyl alcohol, dimethicone, glycerin, cetyl alcohol, glyceryl stearate, butyrospermum parkii butter, peg-75 stearate, aleurites moluccana seed oil, argania spinosa kernel oil, macadamia ternifolia seed oil, olus oil, laminaria hyperborea extract, maris limus extract, ostrea shell extract, malus domestica fruit cell culture extract, sodium hyaluronate, collagen amino acids, tocopheryl acetate, panthenol, retinyl palmitate, sodium lactate, tocopherol, gold, lecithin, palmitoyl tripeptide-1,palmitoyl tetrapeptide-7,parfum (fragrance),phenoxyethanol, methylparaben, butylparaben, propylparaben, ethylparaben, dmdm hydantoin, ethylhexylglycerin, potassium sorbate, xanthan gum, ceteth-20,steareth-20,butylene glycol, acrylates,c10 - 30 alkyl acrylate crosspolymer, triethanolamine, ethylhexyl methoxycinnamate, propylene glycol, peg-6 caprylic,capric glycerides, sorbic acid, carbomer, polysorbate 20,bht, benzyl salicylate citronellol, coumarin, hexyl cinnamal, hydroxycitronellal, limonene, linalool, ci 77820. '"
Revuele Vitanorm C Energy,"serum żelowe pod oczy z witaminą C, 25 ml",44,15.99,15.99,/revuele-serum-zelowe-pod-oczy-z-witamina-c-25-ml-000000000000322883.html,Nawilżające,"Water / Aqua, Glycerin, PEG-40 Hydrogenated Castor Oil, Sodium Hyaluronate, Phenoxyethanol, Caffeine, Acrylates/C10-30 Alkyl Acrylate Crosspolymer, Triethanolamine, Fragrance / Parfum, Troxerutin, Vitamin C / Ascorbic Acid, Disodium EDTA.",4.1,25.0,63.96,63.96,Revuele,0.0,"water,water, glycerin, peg-40 hydrogenated castor oil, sodium hyaluronate, phenoxyethanol, caffeine, acrylates,c10 - 30 alkyl acrylate crosspolymer, triethanolamine, fragrance,parfum, troxerutin, vitamin c,ascorbic acid, disodium edta."
Bandi Pro Care,"krem kolagenowy do twarzy, 50 ml",8,59.99,59.99,/bandi-krem-kolagenowy-do-twarzy-50ml-000000000000355277.html,"Nawilżające,
Ochronne,
Odżywcze,
Przeciwzmarszczkowe,
Regenerujące,
Wygładzające","Aqua/Water, Paraffinum Liquidum, Ethylhexyl Stearate, Glycerin, Cetearyl Alkohol, Cera Alba, Petrolatum, Ceteareth-20, Dimethicone, Soluble Collagen, Hydrolyzed Elastin, Allantoin, Stearyl Alcohol, Steareth-7, Steareth-10, Ozokerite, Triethanolamine, Parfum/Fragrance, Phenoxyethanol, Ethylhexylglycerin, Benzyl Salicylate, Citronellol, Geraniol, Hydroxycitronellal, Limonene, Linalool",5.0,50.0,119.98,119.98,Bandi,0.0,"water,water, paraffinum liquidum, ethylhexyl stearate, glycerin, cetearyl alkohol, cera alba, petrolatum, ceteareth-20, dimethicone, soluble collagen, hydrolyzed elastin, allantoin, stearyl alcohol, steareth-7, steareth-10, ozokerite, triethanolamine, parfum,fragrance, phenoxyethanol, ethylhexylglycerin, benzyl salicylate, citronellol, geraniol, hydroxycitronellal, limonene, linalool"
Alma K.,"nawilżający krem do twarzy na dzień, 50 ml",9,144.99,144.99,/alma-k-nawilzajacy-krem-na-dzien-do-skory-normalnej-suchej-50ml-000000000000291617.html,nawilżający,"Aqua (Water), Caprylic/Capric Triglyceride, Glyceryl Stearate SE, Glycerin, Cetyl Alcohol, Cetearyl Alcohol, Maris Aqua (Dead Sea Water), Aloe Barbadensis (Aloe Vera) Leaf Juice, Olea Europaea (Olive) Fruit Oil, Persea Gratissima (Avocado) Oil, Prunus Amygdalus Dulcis (Sweet Almond) Oil, Cucumis Sativus (Cucumber) Fruit Extract, Simmondsia Chinensis (Jojoba) Seed Oil, Rosa Canina (Rosehip) Fruit Oil, Punica Granatum (Pomegranate) Extract, Borago Officinalis (Borage) Seed Oil, Anthemis Nobilis (Chamomile) Flower Extract, Oenothera Biennis (Evening Primrose) Oil, Vitis Vinifera (Grape) Seed Oil, Glycine Soja (Soybean) Oil, Calendula Officinalis (Pot Marigold) Flower Oil, Tocopheryl Acetate (Vit E), Hydrogenated Vegetable Oil, Parfum (Fragrance), Phenoxyethanol, Dimethicone, Cetearyl Glucoside, Triethylene Glycol, Glyceryl Stearate, Propylene Glycol, Linalool, Citric Acid, Hexyl Cinnamal, Sodium Benzoate, Potassium Sorbate, Hydroxycitronellal, Benzoic Acid, Benzyl Alcohol, Dehydroacetic Acid.",4.1,50.0,289.98,289.98,Alma K.,0.0,"water (water), caprylic,capric triglyceride, glyceryl stearate se, glycerin, cetyl alcohol, cetearyl alcohol, maris water (deadseawater), aloe barbadensis (aloevera) leaf juice, olea europaea (olive) fruit oil, persea gratissima (avocado) oil, prunus amygdalus dulcis (sweetalmond) oil, cucumis sativus (cucumber) fruit extract, simmondsia chinensis (jojoba) seed oil, rosa canina (rosehip) fruit oil, punica granatum (pomegranate) extract, borago officinalis (borage) seed oil, anthemis nobilis (chamomile) flower extract, oenothera biennis (eveningprimrose) oil, vitis vinifera (grape) seed oil, glycine soja (soybean) oil, calendula officinalis (potmarigold) flower oil, tocopheryl acetate (vite), hydrogenated vegetable oil, parfum (fragrance), phenoxyethanol, dimethicone, cetearyl glucoside, triethylene glycol, glyceryl stearate, propylene glycol, linalool, citric acid, hexyl cinnamal, sodium benzoate, potassium sorbate, hydroxycitronellal, benzoic acid, benzyl alcohol, dehydroacetic acid."
Bioderma Sensibio Defensive,"krem do twarzy, 40 ml",25,55.99,79.99,/bioderma-krem-do-twarzy-40-ml-000000000000407547.html,Kojące,"AQUA/WATER/EAU, GLYCERIN, DICAPRYLYL ETHER, PROPYLHEPTYL CAPRYLATE, BUTYLENE GLYCOL, GLYCERYL STEARATE CITRATE, GLYCOL PALMITATE, SQUALANE, SUCROSE STEARATE, MANGIFERA INDICA, (MANGO) SEED BUTTER, PENTYLENE GLYCOL, ACRYLATES/C10-30 ALKYL ACRYLATE CROSSPOLYMER, CAPRYLYL GLYCOL,CARNOSINE, HYDROXYETHYL ACRYLATE/SODIUM ACRYLOYLDIMETHYL TAURATE, COPOLYMER, MANNITOL, XYLITOL, TOCOPHEROL, SALVIA MILTIORRHIZA FLOWER/LEAF/ROOT EXTRACT, RHAMNOSE, GLYCINE SOJA (SOYBEAN) OIL, POLYSORBATE 60, SORBITAN ISOSTEARATE, PALMITOYL, TETRAPEPTIDE-10. [BI 2012]",4.9,40.0,199.98,139.98,Bioderma,30.003750468808594,"water,water,eau, glycerin, dicaprylyl ether, propylheptyl caprylate, butylene glycol, glyceryl stearate citrate, glycol palmitate, squalane, sucrose stearate, mangifera indica, (mango) seed butter, pentylene glycol, acrylates,c10 - 30 alkyl acrylate crosspolymer, caprylyl glycol, carnosine, hydroxyethyl acrylate,sodium acryloyldimethyl taurate, copolymer, mannitol, xylitol, tocopherol, salvia miltiorrhiza flower,leaf,root extract, rhamnose, glycine soja (soybean) oil, polysorbate 60, sorbitan isostearate, palmitoyl, tetrapeptide-10., bi 2012 ]"
L'Oréal Paris Revitalift Clinical,"rozświetlający krem z witaminą C i SPF50 do twarzy na dzień, 50 ml",11,47.99,58.99,/loreal-paris-rozswietlajacy-krem-z-witamina-c-i-spf50-do-twarzy-na-dzien-50-ml-000000000000434916.html,ochrona UV,"Aqua/Water, Alcohol Denat., Diisopropyl Sebacate, Silica, Isopropyl Myristate, Ethylhexyl Salicylate, Ethylhexyl Triazone, Bis-Ethylhexyloxyphenol Methoxyphenyl Triazine, Butyl Methoxydibenzoylmethane, Glycerin, Propanediol, C12-22 Alkyl Acrylate/Hydroxyethylacrylate Copolymer, Drometrizole Trisiloxane, Perlite, Caprylic/Capric Triglyceride, Tocopherol, Ascorbyl Glucoside, Hydroxyacetophenone, Hydroxyethylcellulose, Sodium Hyaluronate, Triethanolamine, Trisodium Ethylenediamine Disuccinate, Caprylyl Glycol, Terephthalylidene Dicamphor Sulfonic Acid, Acrylates/C10-30 Alkyl Acrylate Crosspolymer, Parfum/Fragrance (F.I.L. Z70013153/1)",4.9,50.0,117.98,95.98,L'Oréal Paris,18.64722834378708,"water,water, alcohol denat., diisopropyl sebacate, silica, isopropyl myristate, ethylhexyl salicylate, ethylhexyl triazone, bis - ethylhexyloxyphenol methoxyphenyl triazine, butyl methoxydibenzoylmethane, glycerin, propanediol, c12 - 22 alkyl acrylate,hydroxyethylacrylate copolymer, drometrizole trisiloxane, perlite, caprylic,capric triglyceride, tocopherol, ascorbyl glucoside, hydroxyacetophenone, hydroxyethylcellulose, sodium hyaluronate, triethanolamine, trisodium ethylenediamine disuccinate, caprylyl glycol, terephthalylidene dicamphor sulfonic acid, acrylates,c10 - 30 alkyl acrylate crosspolymer, parfum,fragrance (f.i.l.z70013153/1)"
Dr Irena Eris Clinic Way,"dermo-ochronny krem przeciwzmarszczkowy do twarzy na dzień SPF50, 40 ml",8,114.99,114.99,/dr-irena-eris-dermo-ochronny-krem-przeciwzmarszczkowy-do-twarzy-na-dzien-spf50-40-ml-000000000000367669.html,przeciwzmarszczkowy,"Aqua (Water), Ethylhexyl Methoxycinnamate, Dibutyl Adipate, C12-15 Alkyl Benzoate, Methylene Bis-Benzotriazolyl Tetramethylbutylphenol (nano), Propylene Glycol, Caprylic/Capric Triglyceride, Diethylamino Hydroxybenzoyl Hexyl Benzoate, Potassium Cetyl Phosphate, Cetearyl Alcohol, 1,2-Hexanediol, Undecane, Bis-Ethylhexyloxyphenol Methoxyphenyl Triazine, Vinyl Dimethicone/Methicone Silsesquioxane Crosspolymer, Acrylates/C12-22 Alkyl Methacrylate Copolymer, Titanium Dioxide (nano), Tridecane, Tromethamine, Decyl Glucoside, Acrylates/C10-30 Alkyl Acrylate Crosspolymer, Hydroxyacetophenone, Cetearyl Glucoside, Arginine, Coco-Glucoside, Alumina, Glycerin, Disodium Lauryl Sulfosuccinate, Xanthan Gum, Simethicone, Maltodextrin, Moringa Oleifera Seed Extract, Glyceryl Behenate, Glucose, Levan, Olea Europaea (Olive) Leaf Extract, Pentylene Glycol, Polyglyceryl-3 Methylglucose Distearate, Tocopherol, Ascorbic Acid, Citric Acid, Zizyphus Jujuba Seed Extract, Calcium Hydroxide, Ethylhexylglycerin, Cholesterol, Disodium Phosphate, Potassium Chloride, Potassium Phosphate, SH-Polypeptide-32, Sodium Chloride, Phenoxyethanol, Parfum (Fragrance).",5.0,40.0,287.47,287.47,Dr Irena Eris,0.0,"water (water), ethylhexyl methoxycinnamate, dibutyl adipate, c12 - 15 alkyl benzoate, methylene bis - benzotriazolyl tetramethylbutylphenol (nano), propylene glycol, caprylic,capric triglyceride, diethylamino hydroxybenzoyl hexyl benzoate, potassium cetyl phosphate, cetearyl alcohol, 1,2 - hexanediol, undecane, bis - ethylhexyloxyphenol methoxyphenyl triazine, vinyl dimethicone,methicone silsesquioxane crosspolymer, acrylates,c12 - 22 alkyl methacrylate copolymer, titanium dioxide (nano), tridecane, tromethamine, decyl glucoside, acrylates,c10 - 30 alkyl acrylate crosspolymer, hydroxyacetophenone, cetearyl glucoside, arginine, coco - glucoside, alumina, glycerin, disodium lauryl sulfosuccinate, xanthan gum, simethicone, maltodextrin, moringa oleifera seed extract, glyceryl behenate, glucose, levan, olea europaea (olive) leaf extract, pentylene glycol, polyglyceryl-3 methylglucose distearate, tocopherol, ascorbic acid, citric acid, zizyphus jujuba seed extract, calcium hydroxide, ethylhexylglycerin, cholesterol, disodium phosphate, potassium chloride, potassium phosphate, sh - polypeptide-32, sodium chloride, phenoxyethanol, parfum (fragrance)."
Bielenda Royal Bee,"krem przeciwzmarszczkowy do twarzy na dzień i noc 60+, 50 ml",6,18.19,24.99,/bielenda-krem-przeciwzmarszczkowy-do-twarzy-na-dzien-i-noc-60-50-ml-000000000000382516.html,przeciwzmarszczkowy,"Aqua (Water),Propanediol,Caprylic/Capric Triglyceride,Squalane,Orbignya Oleifera (Babassu) Seed Oil,Cetearyl Alcohol,Glyceryl Stearate,Persea Gratissima (Avocado) Oil,Glycerin,Tocopheryl Acetate,Potassium Cetyl Phosphate,Theobroma Cacao (Cocoa) Seed Butter,Hydrolyzed Serum Protein,Pollen Extract,Royal Jelly,Honey,Hydrolyzed Collagen,Glycine Soja Germ Extract,Allantoin,Sodium Stearoyl Glutamate,Vegetable Oil,Tocopherol,Histidine,Hyaluronidase,Beta-Sitosterol,Squalene,Ascorbyl Palmitate,Glycine Soja (Soybean) Oil,Dimethicone,Xanthan Gum,Disodium EDTA,Potassium Sorbate,Ethylhexylglycerin,Phenoxyethanol,Benzyl Alcohol,Parfum (Fragrance),Benzyl Salicylate,Hexyl Cinnamal,Alpha-Isomethyl lonone",5.0,50.0,49.98,36.38,Bielenda,27.210884353741488,"water (water),propanediol, caprylic,capric triglyceride, squalane, orbignya oleifera (babassu) seed oil, cetearyl alcohol, glyceryl stearate, persea gratissima (avocado) oil, glycerin, tocopheryl acetate, potassium cetyl phosphate, theobroma cacao (cocoa) seed butter, hydrolyzed serum protein, pollen extract, royal jelly, honey, hydrolyzed collagen, glycine soja germ extract, allantoin, sodium stearoyl glutamate, vegetable oil, tocopherol, histidine, hyaluronidase, beta - sitosterol, squalene, ascorbyl palmitate, glycine soja (soybean) oil, dimethicone, xanthan gum, disodium edta, potassium sorbate, ethylhexylglycerin, phenoxyethanol, benzyl alcohol, parfum (fragrance),benzyl salicylate, hexyl cinnamal, alpha - isomethyl lonone"
Ava Śnieżna Alga,"kompleks przeciwzmarszczkowy pod oczy, 15 ml",10,44.99,44.99,/ava-kompleks-przeciwzmarszczkowy-pod-oczy-15-ml-000000000000298131.html,przeciwzmarszczkowy,"Aqua, Glycerin, Butyrospermum Parkii Butter, Cetyl Alcohol, Vitis Vinifera Seed Oil, Glyceryl Stearate, Caprylic/Capric Triglyceride, Aloe Barbadensis Leaf Extract, Cocos Nucifera Oil, Niacinamide, Dimethicone, Panthenol, Tocopheryl Acetate, Hydrolyzed Silk, Coenochloris Signiensis Extract, N-Hydroxysuccinimide, Chrysin, Palmitoyl Oligopeptide, Palmitoyl Tetrapeptide-7, Lecithin, Maltodextrin, Ceteareth-20, Ceteareth-12, Cetearyl Alcohol, Cetyl Palmitate, Phenoxyethanol, Disodium EDTA, Ethylhexylglycerin, Steareth-20, Sodium Hydroxide, Potassium Sorbate, Sodium Benzoate, Parfum.",4.200000000000001,15.0,299.93,299.93,Ava,0.0,"water, glycerin, butyrospermum parkii butter, cetyl alcohol, vitis vinifera seed oil, glyceryl stearate, caprylic,capric triglyceride, aloe barbadensis leaf extract, cocos nucifera oil, niacinamide, dimethicone, panthenol, tocopheryl acetate, hydrolyzed silk, coenochloris signiensis extract, n - hydroxysuccinimide, chrysin, palmitoyl oligopeptide, palmitoyl tetrapeptide-7, lecithin, maltodextrin, ceteareth-20, ceteareth-12, cetearyl alcohol, cetyl palmitate, phenoxyethanol, disodium edta, ethylhexylglycerin, steareth-20, sodium hydroxide, potassium sorbate, sodium benzoate, parfum."
Embryolisse,"odżywczo-nawilżający krem do twarzy, 30 ml",11,39.99,54.99,/embryolisse-odzywczo-nawilzajacy-krem-do-twarzy-30-ml-000000000000370359.html,odżywczy,"AQUA. PARAFFINUM LIQUIDUM. STEARIC ACID. GLYCERYL STEARATE. TRIETHANOLAMINE. CERA ALBA. CETYL PALMITATE. BUTYROSPERMUM PARKII. STEARETH-10, POLYACRYLAMIDE C13-14 ISOPARAFFIN, LAURETH-7. PROPYLENE GLYCOL, HYDROLYZED SOY PROTEIN, ALOE BARBADENSIS. 1,2-HEXANEDIOL, CAPRYLYL GLYCOL. TROPOLONE. PARFUM.",5.0,30.0,183.3,133.3,Embryolisse,27.277686852154936,"water. paraffinum liquidum. stearic acid. glyceryl stearate. triethanolamine. cera alba. cetyl palmitate. butyrospermum parkii. steareth-10, polyacrylamide c13 - 14 isoparaffin, laureth-7. propylene glycol, hydrolyzed soy protein, aloe barbadensis. 1,2 - hexanediol, caprylyl glycol. tropolone. parfum."
Bandi Anti Dry,"emulsja do twarzy silnie nawilżająca, 50 ml",211,67.99,67.99,/bandi-emulsja-do-twarzy-silnie-nawilzajaca-50ml-000000000000298027.html,nawilżający,"Aqua/Water, Cyclopentasiloxane, Macadamia Integrifolia Seed Oil, Decyl Cocoate, Glycerin, Squalane, Panthenol, Dimethicone/Vinyl Dimethicone Crosspolymer, Arachidyl Alcohol, Cocos Nucifera (Coconut) Oil, Ectoin, Dimethicone, Triticum Vulgare (Wheat) Germ Extract, Saccharomyces Cerevisiae Extract, Sodium Hyaluronate, Hyaluronic Acid, Allantoin, Hydroxyectoin, Polysilicone-11, Behenyl Alcohol, Sodium Polyacrylate, Pentaerythrityl Distearate, Ethylhexyl Hydroxystearate, Arachidyl Glucoside, Sodium Stearoyl Glutamate, Butylene Glycol, Isoceteth-10, Silica, Disodium Cocoamphodiacetate, PVP, Decyl Glucoside, Parfum/Fragrance, Phenoxyethanol, Ethylhexylglycerin, Sodium Metabisulfite, Pantolactone",4.6,50.0,135.98,135.98,Bandi,0.0,"water,water, cyclopentasiloxane, macadamia integrifolia seed oil, decyl cocoate, glycerin, squalane, panthenol, dimethicone,vinyl dimethicone crosspolymer, arachidyl alcohol, cocos nucifera (coconut) oil, ectoin, dimethicone, triticum vulgare (wheat) germ extract, saccharomyce cerevisiae extract, sodium hyaluronate, hyaluronic acid, allantoin, hydroxyectoin, polysilicone-11, behenyl alcohol, sodium polyacrylate, pentaerythrityl distearate, ethylhexyl hydroxystearate, arachidyl glucoside, sodium stearoyl glutamate, butylene glycol, isoceteth-10, silica, disodium cocoamphodiacetate, pvp, decyl glucoside, parfum,fragrance, phenoxyethanol, ethylhexylglycerin, sodium metabisulfite, pantolactone"
La Roche-Posay Nutritic Intense Riche,"odżywczo-regenerujący krem do twarzy, 50 ml",8,124.99,124.99,/la-roche-posay-krem-do-twarzy-50ml-000000000000241970.html,odżywczy,AQUA / WATER • GLYCERIN • CETEARYL ALCOHOL • CAPRYLIC/CAPRIC TRIGLYCERIDE • GLYCERYL STEARATE • ALCOHOL DENAT. • ETHYLHEXYL PALMITATE • DIMETHICONE • BUTYROSPERMUM PARKII BUTTER / SHEA BUTTER • MYRISTYL MYRISTATE • NIACINAMIDE • PEG-100 STEARATE • GLYCINE SOJA OIL / SOYBEAN OIL • SODIUM POLYACRYLATE • MYRISTYL MALATE PHOSPHONIC ACID • DISODIUM EDTA • CAPRYLYL GLYCOL • CITRIC ACID • TOCOPHEROL • PENTAERYTHRITYL TETRA-DI-T-BUTYL HYDROXYHYDROCINNAMATE • PHENOXYETHANOL • PARFUM / FRAGRANCE,4.7,50.0,249.98,249.98,La Roche-Posay,0.0,",,glycerin,cetearyl alcohol,caprylic,capric triglyceride,glyceryl stearate,alcohol denat.,ethylhexyl palmitate,dimethicone,butyrospermum parkii butter,shea butter,myristyl myristate,niacinamide,peg-100 stearate,glycine soja oil,soybean oil,sodium polyacrylate,myristyl malate phosphonic acid,disodium edta,caprylyl glycol,citric acid,tocopherol,pentaerythrityl tetra - di - t - butyl hydroxyhydrocinnamate,phenoxyethanol,parfum,fragrance"
Herla Hydra Plants Limited Edition,"krem do twarzy na dzień, 50 ml",64,39.99,139.99,/herla-krem-do-twarzy-na-dzien-50-ml-000000000000408162.html,"Nawilżające,
Przeciwstarzeniowe","Aqua, Glycerin, Ethylhexyl Methoxycinnamate, Dicaprylyl Carbonate, Isoamyl Laurate, Glyceryl Stearate, Butyl Methoxydibenzoylmethane, Cetearyl Alcohol, Sodium Stearoyl Glutamate, Octocrylene, Xylitylglucoside, Butyrospermum Parkii Butter, Adansonia Digitata Seed Oil, Simmondia Chinensis Seed Oil, Trehalose, Sodium Polyacrylate, Parfum, Anhydroxylitol, Xylitol, Glucose, Isoamyl Cocoate, Vitis Vinifera Seed Oil, Helianthus Annuus Seed Oil, Sodium Hyaluronate, Rubus Idaeus Fruit Extract, Fragaria Ananassa Fruit Extract, Actinidia Chinensis Fruit Extract, Pyrus Malus Fruit Extract, Prunus Persica Fruit Extract, Carica Papaya Fruit Extract Cucumis Sativus Fruit Extract, Allantoin, Tocopherol, Beta-Sitosterol, Squalene, Glycine Soja Oil, Xanthan Gum, Hydroxyacetophenone, 1,2-Hexanediol, Caprylyl Glycol, Sodium Benzoate, Potassium Sorbate, BHT, Disodium EDTA.",4.8,50.0,279.98,79.98,Herla,71.43367383384526,"water, glycerin, ethylhexyl methoxycinnamate, dicaprylyl carbonate, isoamyl laurate, glyceryl stearate, butyl methoxydibenzoylmethane, cetearyl alcohol, sodium stearoyl glutamate, octocrylene, xylitylglucoside, butyrospermum parkii butter, adansonia digitata seed oil, simmondia chinensis seed oil, trehalose, sodium polyacrylate, parfum, anhydroxylitol, xylitol, glucose, isoamyl cocoate, vitis vinifera seed oil, helianthus annuus seed oil, sodium hyaluronate, rubus idaeus fruit extract, fragaria ananassa fruit extract, actinidia chinensis fruit extract, pyrus malus fruit extract, prunus persica fruit extract, carica papaya fruit extract cucumis sativus fruit extract, allantoin, tocopherol, beta - sitosterol, squalene, glycine soja oil, xanthan gum, hydroxyacetophenone, 1,2 - hexanediol, caprylyl glycol, sodium benzoate, potassium sorbate, bht, disodium edta."
Dermedic Normacne,"krem niwelujący niedoskonałości do twarzy na noc, 40 ml",8,73.99,73.99,/dermedic-krem-niwelujacy-niedoskonalosci-do-twarzy-na-noc-40-ml-000000000000366255.html,"Antybakteryjne,
Odżywcze,
Pielęgnujące,
Seboregulujące","Aqua, Butyrospermum Parkii Butter, Cetyl Alcohol, Sodium Hyaluronate, Caprylic/Capric Triglyceride, Glyceryl Stearate Citrate, Isopropyl Myristate, Niacinamide, Olea Europaea Fruit Oil, Theobroma Cacao Seed Butter, Ethyl Linoleate, Hexylresorcinol, Propanediol, Hordeum Vulgare Extract, Dimethicone, Polyacrylamide, C 13-14 Isoparaffin, Laureth-7, Glycerin, Butylene Glycol, Scutellaria Baicalensis Root Extract, Vitis Vinifera Fruit Extract, PEG-8, Tocopherol, Ascorbyl Palmitate, Ascorbic Acid, Citric Acid, Papain, Glyceryl Stearate, Dipotassium Glycyrrhizate, Stearic Acid, Aminobutyric Acid, DMDM Hydantoin, Iodopropynyl Butylcarbamate, Phenoxyethanol, Ethylhexylglycerin, Sodium Benzoate, Potassium Sorbate, Disodium EDTA, Parfum",4.6,40.0,184.97,184.97,Dermedic,0.0,"water, butyrospermum parkii butter, cetyl alcohol, sodium hyaluronate, caprylic,capric triglyceride, glyceryl stearate citrate, isopropyl myristate, niacinamide, olea europaea fruit oil, theobroma cacao seed butter, ethyl linoleate, hexylresorcinol, propanediol, hordeum vulgare extract, dimethicone, polyacrylamide, c 13 - 14 isoparaffin, laureth-7, glycerin, butylene glycol, scutellaria baicalensis root extract, vitis vinifera fruit extract, peg-8, tocopherol, ascorbyl palmitate, ascorbic acid, citric acid, papain, glyceryl stearate, dipotassium glycyrrhizate, stearic acid, aminobutyric acid, dmdm hydantoin, iodopropynyl butylcarbamate, phenoxyethanol, ethylhexylglycerin, sodium benzoate, potassium sorbate, disodium edta, parfum"
Tołpa Dermo Face Rosacal,"przeciwzmarszczkowy krem wzmacniający na dzień z SPF15, 40 ml",14,49.99,49.99,/tolpa-krem-do-twarzy-40ml-000000000000226594.html,przeciwzmarszczkowy,"Aqua, Diethylamino Hydroxybenzoyl Hexyl Benzoate, Glycerin, C12-15 Alkyl Benzoate, Methylpropanediol, Aluminum Starch Octenylsuccinate, Ethylhexyl Triazone, Peat Extract, Cetearyl Alcohol, Sea Water, Hydroxyethyl Urea, Ceteareth-20, Cetyl Alcohol, Hibiscus Esculentus Seed Extract, Sophora Japonica Flower Extract, Hedera Helix Extract, Arnica Montana Flower Extract, Hamamelis Virginiana Leaf Extract, Hypericum Perforatum Flower Extract, Aesculus Hippocastanum Seed Extract, Vitis Vinifera Leaf Extract, Hydrolyzed Soy Protein, Cucurbita Pepo Seed Extract, Disodium EDTA, Sodium Acrylate/Sodium Acryloyldimethyl Taurate Copolymer, Isohexadecane, Polysorbate 80, Sorbitan Oleate, Propylene Glycol, Carbomer, Parfum, Diethylhexyl Syringylidenemalonate, Caprylic/Capric Triglyceride, Sodium Hydroxide, Citric Acid, Caprylyl Glycol, Phenylpropanol, Phenoxyethanol, Sodium Benzoate, Potassium Sorbate, Benzoic Acid, CI 75810.",4.6,40.0,124.98,124.98,Tołpa,0.0,"water, diethylamino hydroxybenzoyl hexyl benzoate, glycerin, c12 - 15 alkyl benzoate, methylpropanediol, aluminum starch octenylsuccinate, ethylhexyl triazone, peat extract, cetearyl alcohol, sea water, hydroxyethyl urea, ceteareth-20, cetyl alcohol, hibiscus esculentus seed extract, sophora japonica flower extract, hedera helix extract, arnica montana flower extract, hamamelis virginiana leaf extract, hypericum perforatum flower extract, aesculus hippocastanum seed extract, vitis vinifera leaf extract, hydrolyzed soy protein, cucurbita pepo seed extract, disodium edta, sodium acrylate,sodium acryloyldimethyl taurate copolymer, isohexadecane, polysorbate 80, sorbitan oleate, propylene glycol, carbomer, parfum, diethylhexyl syringylidenemalonate, caprylic,capric triglyceride, sodium hydroxide, citric acid, caprylyl glycol, phenylpropanol, phenoxyethanol, sodium benzoate, potassium sorbate, benzoic acid, ci 75810."
Bandi Sebo Care,"krem redukujący niedoskonałości do twarzy na noc, 50 ml",21,59.99,59.99,/bandi-krem-redukujacy-niedoskonalosci-50ml-000000000000295275.html,"Antybakteryjne,
Regenerujące,
Wygładzające,
Złuszczające","Aqua/Water, Propylene Glycol, Cyclopentasiloxane, Mandelic Acid, Caprylic/Capric Triglyceride, Ethylhexyl Stearate, Glyceryl Stearate, Prunus Amygdalus Dulcis (Sweet Almond) Oil, Ceteareth-20, Cetearyl Alcohol, Cyclohexasiloxane, Sodium Hydroxide, Gluconolactone, Dimethicone, Saccharomyces Lysate Extract, Lactobacillus Ferment, Lactobionic Acid, PEG-100 Stearate, Dimethicone Crosspolymer, Disodium EDTA, Parfum/Fragrance, Phenoxyethanol, Ethylhexylglycerin, Alpha-Isomethyl Ionone, Hydroxycitronellal, Limonene",4.6,50.0,119.98,119.98,Bandi,0.0,"water,water, propylene glycol, cyclopentasiloxane, mandelic acid, caprylic,capric triglyceride, ethylhexyl stearate, glyceryl stearate, prunus amygdalus dulcis (sweetalmond) oil, ceteareth-20, cetearyl alcohol, cyclohexasiloxane, sodium hydroxide, gluconolactone, dimethicone, saccharomyce lysate extract, lactobacillus ferment, lactobionic acid, peg-100 stearate, dimethicone crosspolymer, disodium edta, parfum,fragrance, phenoxyethanol, ethylhexylglycerin, alpha - isomethyl ionone, hydroxycitronellal, limonene"
Ziaja Witamina C.B3,"krem do twarzy na przebudzenie, 50 ml",14,12.29,12.29,/ziaja-krem-do-twarzy-na-przebudzenie-50-ml-000000000000438360.html,Rozjaśniające,"Aqua (Water), Octyldodecanol, Coco-Caprylate/Caprate, Glyceryl Stearate, PEG-100 Stearate, Cetyl Alcohol, Dimethicone, Propylene Glycol, Butyrospermum Parkii (Shea) Butter, Hydrolyzed Rice Protein, Niacinamide, Calcium Pantothenate, Sodium Ascorbyl Phosphate, Tocopheryl Acetate, Pyridoxine HCl, Maltodextrin, Sodium Starch Octenylsuccinate, Silica, Camellia Japonica Seed Oil, Carbomer, Disodium EDTA, Phenoxyethanol, Hydroxyacetophenone, Parfum (Fragrance), Linalool, Geraniol, Limonene, Sodium Hydroxide.",5.0,50.0,24.58,24.58,Ziaja,0.0,"water (water), octyldodecanol, coco - caprylate,caprate, glyceryl stearate, peg-100 stearate, cetyl alcohol, dimethicone, propylene glycol, butyrospermum parkii (shea) butter, hydrolyzed rice protein, niacinamide, calcium pantothenate, sodium ascorbyl phosphate, tocopheryl acetate, pyridoxine hcl, maltodextrin, sodium starch octenylsuccinate, silica, camellia japonica seed oil, carbomer, disodium edta, phenoxyethanol, hydroxyacetophenone, parfum (fragrance), linalool, geraniol, limonene, sodium hydroxide."
Tołpa Dermo Face Lipidro,"odżywczy krem regenerujący do twarzy, 40 ml",38,43.99,43.99,/tolpa-odzywczy-krem-do-twarzy-re-generujacy-40ml-000000000000226614.html,odżywczy,"Aqua, Coco-Caprylate, Glycerin, Isostearyl Lactate, Butyrospermum Parkii Butter, Simmondsia Chinensis Seed Oil, Persea Gratissima Oil, Caprylic/ Capric Triglyceride, Cetearyl Alcohol, Pentaerythrityl Distearate, Peat Extract, Macadamia Ternifolia Seeed Oil, Ceteareth-20, Parfum, Squalane, Cera Alba, Sodium Hyaluronate, Mel Extract, Panthenol, Allantoin, Aluminum Starch Octe-nylsuccinate, Butylene Glycol, Urea, Olus Oil, Tocopherol, Lysine HCI, Sodium Lactate, Arginine HCI, Ornitine HCI, Carbomer, Sodium Polyacrylate, Sodium Hydroxide, Disodium EDTA, Xanthan Gum, Methylpropanediol, Caprylyl Glycol, Ethylhexylglycerin, Phenoxyethanol, Benzyl Alcohol, Salicylic Acid, Sorbic Acid, Benzoic Acid.",4.7,40.0,109.98,109.98,Tołpa,0.0,"water, coco - caprylate, glycerin, isostearyl lactate, butyrospermum parkii butter, simmondsia chinensis seed oil, persea gratissima oil, caprylic/ capric triglyceride, cetearyl alcohol, pentaerythrityl distearate, peat extract, macadamia ternifolia seeed oil, ceteareth-20, parfum, squalane, cera alba, sodium hyaluronate, mel extract, panthenol, allantoin, aluminum starch octe - nylsuccinate, butylene glycol, urea, olus oil, tocopherol, lysine hci, sodium lactate, arginine hci, ornitine hci, carbomer, sodium polyacrylate, sodium hydroxide, disodium edta, xanthan gum, methylpropanediol, caprylyl glycol, ethylhexylglycerin, phenoxyethanol, benzyl alcohol, salicylic acid, sorbic acid, benzoic acid."
Dermedic Hydrain3 Hialuro,"ultranawilżający krem-żel do twarzy, 50 g",317,24.99,37.99,/dermedic-krem-zel-do-twarzy-50g-000000000000273818.html,nawilżający,"Aqua, Caprylic/Capric Triglyceride, Glycerin, Urea, Methylpropanediol, Isocetyl Stearate, Sodium Hyaluronate, Betaine, Cetyl Alcohol, Squalane, Tocopheryl Acetate, Trehalose, Sodium Hyaluronate Crosspolymer, Propanediol, Hydrolyzed Glycosaminoglycans, Hydrolyzed Hyaluronic Acid, Hyaluronic Acid, Benzyl Glycol, Raspberry Ketone, Polyacrylamide, C13-14 Isoparaffin, Laureth-7, Acrylates/C10-30 Alkyl Acrylate Crosspolymer, Triethanolamine, Phenoxyethanol, Ethylhexylglycerin, Iodopropynyl Butylcarbamate, Parfum, CI 42090",4.4,50.0,75.98,49.98,Dermedic,34.21953145564623,"water, caprylic,capric triglyceride, glycerin, urea, methylpropanediol, isocetyl stearate, sodium hyaluronate, betaine, cetyl alcohol, squalane, tocopheryl acetate, trehalose, sodium hyaluronate crosspolymer, propanediol, hydrolyzed glycosaminoglycans, hydrolyzed hyaluronic acid, hyaluronic acid, benzyl glycol, raspberry ketone, polyacrylamide, c13 - 14 isoparaffin, laureth-7, acrylates,c10 - 30 alkyl acrylate crosspolymer, triethanolamine, phenoxyethanol, ethylhexylglycerin, iodopropynyl butylcarbamate, parfum, ci 42090"
Pharmaceris S,"bezpieczny krem ochronny do twarzy dla dzieci z SPF50+, 50 ml",5,55.99,55.99,/pharmaceris-bezpieczny-krem-ochronny-do-twarzy-dla-dzieci-z-spf50-50-ml-000000000000411475.html,ochrona UV,"Aqua (Water), Dicaprylyl Carbonate, Titanium Dioxide (nano), Isopropyl Isostearate, Zinc Oxide, Cyclopentasiloxane, Isohexadecane, PEG-30 Dipolyhydroxystearate, Pentylene Glycol, Glycerin, Hydrogenated Castor Oil, Alumina, Sodium Chloride, Simethicone, Triethoxycaprylylsilane, Lonicera Caprifolium (Honeysuckle) Flower Extract, Lonicera Japonica (Honeysuckle) Flower Extract, Parfum (Fragrance)",5.0,50.0,111.98,111.98,Pharmaceris,0.0,"water (water), dicaprylyl carbonate, titanium dioxide (nano), isopropyl isostearate, zinc oxide, cyclopentasiloxane, isohexadecane, peg-30 dipolyhydroxystearate, pentylene glycol, glycerin, hydrogenated castor oil, alumina, sodium chloride, simethicone, triethoxycaprylylsilane, lonicera caprifolium (honeysuckle) flower extract, lonicera japonica (honeysuckle) flower extract, parfum (fragrance)"
Nacomi Dermo,"krem do skóry atopowej, 50 ml",15,23.59,38.99,/nacomi-krem-do-skory-atopowej-50-ml-000000000000424299.html,Nawilżające,"INCI: Aqua, Olea Europaea Fruit Oil, Cetearyl Alcohol, Butyrospermum Parkii Butter, Glycerin, Niacinamide, Propanediol, Tocopheryl Acetate, Cetyl Alcohol, Plukenetia Volubilis Seed Oil, Persea Gratissima Oil, Hydrolyzed Wheat Protein and Triticum Vulgare Starch, Ceramide AP, Ceramide NP, Ceramide EOP, Allantoin, Phytosterols, Hydrolyzed Rice Protein, Hydrolyzed Silk, Biosaccharide gum-1, Ascorbyl Palmitate, Sodium Lauroyl Lactylate, Cholesterol, Ethylhexylglycerin, Maltodextrin, Phytosphingosine, Potassium Cetyl Phosphate, Xanthan Gum, Carbomer, Sorbitan Oleate, Parfum, Potassium Sorbate, Sodium Benzoate, Dehydroacetic Acid, Phenoxyethanol, Benzyl Alcohol.",4.200000000000001,50.0,77.98,47.18,Nacomi,39.497307001795335,"inci: water, olea europaea fruit oil, cetearyl alcohol, butyrospermum parkii butter, glycerin, niacinamide, propanediol, tocopheryl acetate, cetyl alcohol, plukenetia volubilis seed oil, persea gratissima oil, hydrolyzed wheat protein and triticum vulgare starch, ceramide ap, ceramide np, ceramide eop, allantoin, phytosterol, hydrolyzed rice protein, hydrolyzed silk, biosaccharide gum-1, ascorbyl palmitate, sodium lauroyl lactylate, cholesterol, ethylhexylglycerin, maltodextrin, phytosphingosine, potassium cetyl phosphate, xanthan gum, carbomer, sorbitan oleate, parfum, potassium sorbate, sodium benzoate, dehydroacetic acid, phenoxyethanol, benzyl alcohol."
Delia My Cream,"baza do kremu do twarzy strong, 40 ml",7,19.99,19.99,/delia-baza-do-kremu-do-twarzy-strong-40-ml-000000000000380341.html,Odżywcze,"Aqua,Tripelargonin,Glycerin,Canola Oil,Caprylic/Capric Triglyceride,Cetearyl Alcohol,Glyceryl Stearate Citrate,Glyceryl Stearates,Butyrospermum Parkii Butter,Hydrogenated Coco-Glycerides,1,2-Hexanediol,Caprylyl Glycol,Hydroxyacetophenone,Copernica Cerifera Cera,Glycine Soja Oil,Parfum,Acrylates/C10-30 Alkyl Acrylate Crosspolymer,Tocopherol,Beta-Sitosterol,Squalene,Sodium Hydroxide,Hexyl Cinnamal,Limonene",5.0,40.0,49.97,49.97,Delia,0.0,"water, tripelargonin, glycerin, canola oil, caprylic,capric triglyceride, cetearyl alcohol, glyceryl stearate citrate, glyceryl stearates, butyrospermum parkii butter, hydrogenated coco - glycerides,1,2 - hexanediol, caprylyl glycol, hydroxyacetophenone, copernica cerifera cera, glycine soja oil, parfum, acrylates,c10 - 30 alkyl acrylate crosspolymer, tocopherol, beta - sitosterol, squalene, sodium hydroxide, hexyl cinnamal, limonene"
Revuele Cell Regeneration Argan Oil,"krem do twarzy na dzień SPF15, 50 ml",15,14.99,14.99,/revuele-krem-do-twarzy-na-dzien-spf15-50-ml-000000000000351552.html,ochrona UV,"ACRYLATES/C10-30 ALKYL ACRYLATE CROSSPOLYMER, ALOE BARBADENSIS LEAF EXTRACT, AQUA, ARGANIA SPINOSA KERNEL OIL, BHT, BIS-ETHYLHEXYLOXYPHENOL METHOXYPHENYL TRIAZINE, CETEARETH-12, CETEARETH-20, CETEARYL ALCOHOL, CITRUS MEDICA LIMONUM FRUIT EXTRACT, CYCLOPENTASILOXANE, DIETHYLAMINO HYDROXYBENZOYL HEXYL BENZOATE, EQUISETUM ARVENSE EXTRACT, ETHYLHEXYL METHOXYCINNAMATE, GLYCERIN, GLYCERYL STEARATE, HYDROLYZED VEGETABLE PROTEIN, PARAFFINUM LIQUIDUM, PARFUM, PECTIN, PINUS PINASTER BARK/BUD EXTRACT, PROLINE, PROPYLENE GLYCOL, ROSMARINUS OFFICINALIS LEAF EXTRACT, SERINE, TRIETHANOLAMINE, XANTHAN GUM (*).",4.5,50.0,29.98,29.98,Revuele,0.0,"acrylates,c10 - 30 alkyl acrylate crosspolymer, aloe barbadensis leaf extract, water, argania spinosa kernel oil, bht, bis - ethylhexyloxyphenol methoxyphenyl triazine, ceteareth-12, ceteareth-20, cetearyl alcohol, citrus medica limonum fruit extract, cyclopentasiloxane, diethylamino hydroxybenzoyl hexyl benzoate, equisetum arvense extract, ethylhexyl methoxycinnamate, glycerin, glyceryl stearate, hydrolyzed vegetable protein, paraffinum liquidum, parfum, pectin, pinus pinaster bark,bud extract, proline, propylene glycol, rosmarinus officinalis leaf extract, serine, triethanolamine, xanthan gum (*)."
Basiclab Complementis,"trehalozowy krem przywracający równowagę do twarzy, 50 ml",5,87.99,109.99,/basiclab-trehalozowy-krem-przywracajacy-rownowage-do-twarzy-50-ml-000000000000435405.html,Regenerujące,"Aqua, Dibutyl Adipate, Shea Butter Ethyl Esters, Gluconolactone, Saccharide Isomerate, Trehalose,  Glycerin, Pentylene Glycol, Propylheptyl Caprylate, Potassium Cetyl Phosphate, Cetearyl Alcohol,  Acetyl Octapeptide-3, Allantoin, Arginine, Borago Officinalis Seed Oil, Persea Gratissima Seed Oil, Cannabis Sativa Seed Oil, Vitis Vinifera Seed Oil, Glucose, Tocopherol, Caprylyl Glycol, Cetearyl Glucoside, Sorbitan Oleate, Sorbitan Palmitate, Cetyl Palmitate, Citric Acid, Sodium Citrate, Xanthan Gum, Hydroxyacetophenone.",5.0,50.0,219.98,175.98,Basiclab,20.001818347122466,"water, dibutyl adipate, shea butter ethyl esters, gluconolactone, saccharide isomerate, trehalose,    glycerin, pentylene glycol, propylheptyl caprylate, potassium cetyl phosphate, cetearyl alcohol,    acetyl octapeptide-3, allantoin, arginine, borago officinalis seed oil, persea gratissima seed oil, cannabis sativa seed oil, vitis vinifera seed oil, glucose, tocopherol, caprylyl glycol, cetearyl glucoside, sorbitan oleate, sorbitan palmitate, cetyl palmitate, citric acid, sodium citrate, xanthan gum, hydroxyacetophenone."
Bandi Anti Acne,"multiaktywny krem BB do twarzy, 50 ml",71,39.99,49.99,/bandi-krem-do-twarzy-50ml-000000000000281891.html,"Antybakteryjne,
Łagodzące,
Nawilżające,
Tonujące","Aqua/Water, Cyclopentasiloxane, Talc, Propylene Glycol, Dimethicone, Caprylic/Capric Triglyceride, Stearoxy Dimethicone, Nylon-12, Dimethicone/Vinyl Dimethicone Crosspolymer, Titanium Dioxide, Isopropyl Palmitate, Cetyl PEG/PPG-10/1 Dimethicone, Polyglyceryl-4 Isostearate, Panthenol, Hexyl Laurate, C10-30 Cholesterol/Lanosterol Esters, Tocopheryl Acetate, Allantoin, 4-Terpineol, Retinyl Palmitate, Helianthus Annuus (Sunflower) Seed Oil , Triticum Vulgare (Wheat) Germ Extract, Saccharomyces Cerevisiae Extract, Sodium Hyaluronate, Tocopherol, Sodium Chloride, Potassium Phosphate, Cyclohexasiloxane, Hydrogenated Castor Oil, Trimethylsiloxysilicate, Trimethoxycaprylylsilane, Triethoxycaprylylsilane, Cera Microcristallina, Disodium Phosphate Dihydrate, Silica, Isoceteth-10, Disodium Cocoamphodiacetate, PVP, BHT, Sodium Metabisulfite, Pantolactone, Ethylhexylglycerin, Methylparaben, Propylparaben, Phenoxyethanol, Titanium Dioxide (CI 77891), Iron Oxide Yellow (CI 77492), Iron Oxide Red (CI 77491), Iron Oxide Black (CI 77499)",4.200000000000001,50.0,99.98,79.98,Bandi,20.004000800160032,"water,water, cyclopentasiloxane, talc, propylene glycol, dimethicone, caprylic,capric triglyceride, stearoxy dimethicone, nylon-12, dimethicone,vinyl dimethicone crosspolymer, titanium dioxide, isopropyl palmitate, cetyl peg,ppg-10/1 dimethicone, polyglyceryl-4 isostearate, panthenol, hexyl laurate, c10 - 30 cholesterol,lanosterol ester, tocopheryl acetate, allantoin, 4 - terpineol, retinyl palmitate, helianthus annuus (sunflower) seed oil, triticum vulgare (wheat) germ extract, saccharomyce cerevisiae extract, sodium hyaluronate, tocopherol, sodium chloride, potassium phosphate, cyclohexasiloxane, hydrogenated castor oil, trimethylsiloxysilicate, trimethoxycaprylylsilane, triethoxycaprylylsilane, cera microcristallina, disodium phosphate dihydrate, silica, isoceteth-10, disodium cocoamphodiacetate, pvp, bht, sodium metabisulfite, pantolactone, ethylhexylglycerin, methylparaben, propylparaben, phenoxyethanol, titanium dioxide (ci77891), iron oxide yellow (ci77492), iron oxide red (ci77491), iron oxide black (ci77499)"
Lierac Cica-Filler,"przeciwzmarszczkowy żel-krem regeneracyjny do twarzy, 40 ml",16,189.99,189.99,/lierac-przeciwzmarszczkowy-zel-krem-regeneracyjny-do-twarzy-40-ml-000000000000363680.html,przeciwzmarszczkowy,INGREDIENTS : AQUA / WATER / EAU. PROPANEDIOL. ISODECYL NEOPENTANOATE. GLYCERIN. DIMETHICONE. LAUROYL LYSINE. CETEARYL ALCOHOL. ALCHEMILLA VULGARIS LEAF EXTRACT. BAKUCHIOL. SODIUM POLYACRYLATE. ACRYLATES/C10-30 ALKYL ACRYLATE CROSSPOLYMER. PHENOXYETHANOL. PARFUM / FRAGRANCE. DIMETHICONOL. HEDERA HELIX (IVY) LEAF/STEM EXTRACT. SODIUM BENZOATE. SUCROSE PALMITATE. EQUISETUM ARVENSE EXTRACT. DIMETHICONE CROSSPOLYMER. TROMETHAMINE. TETRASODIUM EDTA. PENTYLENE GLYCOL. TOCOPHERYL ACETATE. LENS ESCULENTA (LENTIL) SEED EXTRACT. GLYCERYL LINOLEATE. YEAST EXTRACT / EXTRAIT DE LEVURE. TOCOPHEROL. SODIUM HYALURONATE. CITRIC ACID. GLYCINE SOJA (SOYBEAN) OIL. POTASSIUM SORBATE. ETHYLHEXYLGLYCERIN. 1461A.,4.3,40.0,474.98,474.98,Lierac,0.0,"ingredient: water,water,eau. propanediol. isodecyl neopentanoate. glycerin. dimethicone. lauroyl lysine. cetearyl alcohol. alchemilla vulgaris leaf extract. bakuchiol. sodium polyacrylate. acrylates,c10 - 30 alkyl acrylate crosspolymer. phenoxyethanol. parfum,fragrance. dimethiconol. hedera helix (ivy) leaf,stem extract. sodium benzoate. sucrose palmitate. equisetum arvense extract. dimethicone crosspolymer. tromethamine. tetrasodium edta. pentylene glycol. tocopheryl acetate. lens esculenta (lentil) seed extract. glyceryl linoleate. yeast extract,extrait de levure. tocopherol. sodium hyaluronate. citric acid. glycine soja (soybean) oil. potassium sorbate. ethylhexylglycerin. 1461a."
Clochee Calming,"wzmacniający krem do twarzy na noc, 50 ml",6,119.99,149.99,/clochee-wzmacniajacy-krem-do-twarzy-na-noc-50-ml-000000000000410054.html,Wzmacniające naczynka,"Aqua, Opuntia Ficus Indica Fruit Water*, Polyglyceryl-6 Stearate*, Ascorbyl Glucoside*, Glycerin**, Cetearyl Alcohol*, Glyceryl Stearate SE**, Caprylic/Capric Triglyceride**, Vitis Vinifera Seed Oil**, Tripelargonin**, Simmondsia Chinensis Seed Oil**, Acacia Seyal Gum Extract**, Prunus Domestica Seed Oil**, Lactobacillus/Punica Granatum Fruit Ferment Extract**, Hoya Lacunosa Flower Extract*, Squalene*, Mangifera Indica Seed Butter**, Aesculus Hippocastanum Seed Extract**, Rosa Damascena Flower Extract**, Leuconostoc/Radish Root Ferment Filtrate**, Helianthus Annus Seed Oil**, Tocopherol***, Tetrasodium Glutamate Diacetate, Polyglyceryl 6-Behenate*, Dehydroacetic Acid***, Hydroxyethylcellulose, Benzyl Alcohol***, Parfum, Citric Acid**, Potassium Sorbate***, Sodium Citrate, Sodium Hydroxide***, Sodium Benzoate***, Benzyl Salicylate, Coumarin, Alpha Isomethyl Ionone, Hexyl Cinnamal, Limonene, Linalool.
* Certified ingredients, ** Natural origin raw materials, *** Approved for natural cosmetics",3.6,50.0,299.98,239.98,Clochee,20.001333422228157,"water, opuntia ficus indica fruit water *, polyglyceryl-6 stearate *, ascorbyl glucoside *, glycerin * *, cetearyl alcohol *, glyceryl stearate se * *, caprylic,capric triglyceride * *, vitis vinifera seed oil * *, tripelargonin * *, simmondsia chinensis seed oil * *, acacia seyal gum extract * *, prunus domestica seed oil * *, lactobacillus,punica granatum fruit ferment extract * *, hoya lacunosa flower extract *, squalene *, mangifera indica seed butter * *, aesculus hippocastanum seed extract * *, rosa damascena flower extract * *, leuconostoc,radish root ferment filtrate * *, helianthus annus seed oil * *, tocopherol * * *, tetrasodium glutamate diacetate, polyglyceryl 6 - behenate *, dehydroacetic acid * * *, hydroxyethylcellulose, benzyl alcohol * * *, parfum, citric acid * *, potassium sorbate * * *, sodium citrate, sodium hydroxide * * *, sodium benzoate * * *, benzyl salicylate, coumarin, alpha isomethyl ionone, hexyl cinnamal, limonene, linalool. 
 * certify ingredient, * * natural origin raw material, * * * approve for natural cosmetic"
Altruist Sunscreen,"krem przeciwsłoneczny SPF50, 100 ml",8,39.99,48.0,/altruist-krem-przeciwsloneczny-spf50-100-ml-54009304.html,ochrona UV,"Aqua, C12-15 Alkyl Benzoate, Ethylhexyl Stearate, Butyl Methoxydibenzoylmethane, Ethylhexyl Salicylate, Glycerin, Octocrylene, Titanium Dioxide (Nano), Bis-Ethylhexyloxyphenol Methoxyphenyl Triazine, Cetearyl Alcohol, Glyceryl Stearate, Phenylbenzimidazole Sulfonic Acid, Sodium Stearoyl Glutamate, Ethylhexyl Triazone, Phenoxyethanol, Acrylates/C10-30 Alkyl Acrylate Crosspolymer, Sodium Hydroxide, Alumina, Panthenol, Simethicone, Caprylyl Glycol, Piroctone Olamine, Titanium Dioxide, Silver Chloride, Diethylhexyl Sodium Sulfosuccinate, Propylene Glycol",4.9,100.0,48.0,39.99,Altruist,16.687499999999996,"water, c12 - 15 alkyl benzoate, ethylhexyl stearate, butyl methoxydibenzoylmethane, ethylhexyl salicylate, glycerin, octocrylene, titanium dioxide (nano), bis - ethylhexyloxyphenol methoxyphenyl triazine, cetearyl alcohol, glyceryl stearate, phenylbenzimidazole sulfonic acid, sodium stearoyl glutamate, ethylhexyl triazone, phenoxyethanol, acrylates,c10 - 30 alkyl acrylate crosspolymer, sodium hydroxide, alumina, panthenol, simethicone, caprylyl glycol, piroctone olamine, titanium dioxide, silver chloride, diethylhexyl sodium sulfosuccinate, propylene glycol"
Eveline Cosmetics Biohyaluron,"krem do twarzy 50+ na dzień i noc, 50 ml",15,16.19,25.99,/eveline-cosmetics-krem-do-twarzy-50-na-dzien-i-noc-50-ml-000000000000406807.html,Nawilżające,"Aqua (Water),Caprylic/Capric Triglyceride,Olus Oil,Triisostearin,Glycerin,Cetyl Alcohol,Glyceryl Stearate,Dimethicone,C10-18 Triglycerides,Prunus Amygdalus Dulcis Oil,Bakuchiol,Undaria Pinnatifida Cell Culture Extract,Betaine,Sodium Hyaluronate,Sodium Hyaluronate Crosspolymer,Hyaluronic Acid,Argania Spinosa Kernel Oil,Leuconostoc/Radish Root Ferment Filtrate,Hydrolyzed Glycosaminoglycans,Alpha-Glucan Oligosaccharide,Inulin,Lactobacillus,Spilanthes Acmella Flower Extract,Polymnia Sonchifolia Root Juice,Pentylene Glycol,Sucrose Palmitate,Cichorium Intybus Leaf Extract,Acetyl Hexapeptide-8,Phenoxyethanol,PEG-75 Stearate,Ceteth-20,Steareth-20,Hydroxyacetophenone,Tocopheryl Acetate,Retinyl Palmitate,Acrylates/C10-30 Alkyl Acrylate Crosspolymer,Maltodextrin,Glyceryl Linoleate,Triethanolamine,Ethylhexylglycerin,Cetearyl Alcohol,Hexylene Glycol,Caprylyl Glycol,Citric Acid,Potassium Sorbate,Xanthan Gum,PEG-6 Caprylic/Capric Glycerides,Parfum (Fragrance)",4.8,50.0,51.98,32.38,Eveline Cosmetics,37.70681031165832,"water (water),caprylic,capric triglyceride, olus oil, triisostearin, glycerin, cetyl alcohol, glyceryl stearate, dimethicone, c10 - 18 triglycerides, prunus amygdalus dulcis oil, bakuchiol, undaria pinnatifida cell culture extract, betaine, sodium hyaluronate, sodium hyaluronate crosspolymer, hyaluronic acid, argania spinosa kernel oil, leuconostoc,radish root ferment filtrate, hydrolyzed glycosaminoglycans, alpha - glucan oligosaccharide, inulin, lactobacillus, spilanthes acmella flower extract, polymnia sonchifolia root juice, pentylene glycol, sucrose palmitate, cichorium intybus leaf extract, acetyl hexapeptide-8,phenoxyethanol, peg-75 stearate, ceteth-20,steareth-20,hydroxyacetophenone, tocopheryl acetate, retinyl palmitate, acrylates,c10 - 30 alkyl acrylate crosspolymer, maltodextrin, glyceryl linoleate, triethanolamine, ethylhexylglycerin, cetearyl alcohol, hexylene glycol, caprylyl glycol, citric acid, potassium sorbate, xanthan gum, peg-6 caprylic,capric glycerides, parfum (fragrance)"
Lirene Superfood for Skin,"przeciwzmarszczkowy bogaty krem do twarzy na dzień i noc, 50 ml",5,32.99,32.99,/lirene-przeciwzmarszczkowy-bogaty-krem-do-twarzy-na-dzien-i-noc-50-ml-000000000000364687.html,przeciwzmarszczkowy,"Aqua (Water),C15-19 Alkane,Canola (Canola) Oil,Butyrospermum Parkii (Shea) Butter,Caprylic/Capric Triglyceride,Cetearyl Alcohol,Dicaprylyl Carbonate,Propanediol,Sclerotium Gum,Cetearyl Glucoside,Hydrogenated Olive Oil Decyl Esters,Polyglyceryl-6 Distearate,Jojoba Esters,Tocopherol,Citric Acid,Cetyl Alcohol,Polyglyceryl-3 Beeswax,Glycerin,Hydrolyzed Cucurbita Pepo (Pumpkin) Seedcake,Helianthus Annuus (Sunflower) Seed Oil,Glucose,Chia Seed Extract,Goji Berry Extract,Ethylhexylglycerin,Sodium Benzoate,Potassium Sorbate,Phenoxyethanol,Parfum (Fragrance),Hexyl Cinnamal,Limonene,Linalool,Citronellol,CI 19140 (FD&C Yellow No. 5),CI 16035 (FD&C Red No. 40)",4.200000000000001,50.0,65.98,65.98,Lirene,0.0,"water (water),c15 - 19 alkane, canola (canola) oil, butyrospermum parkii (shea) butter, caprylic,capric triglyceride, cetearyl alcohol, dicaprylyl carbonate, propanediol, sclerotium gum, cetearyl glucoside, hydrogenated olive oil decyl esters, polyglyceryl-6 distearate, jojoba esters, tocopherol, citric acid, cetyl alcohol, polyglyceryl-3 beeswax, glycerin, hydrolyzed cucurbita pepo (pumpkin) seedcake, helianthus annuus (sunflower) seed oil, glucose, chia seed extract, goji berry extract, ethylhexylglycerin, sodium benzoate, potassium sorbate, phenoxyethanol, parfum (fragrance),hexyl cinnamal, limonene, linalool, citronellol, ci 19140 (fd&cyellowno.5),ci 16035 (fd&credno.40)"
Nacomi,"normalizujący krem do twarzy 20+, 50 ml",35,19.99,32.99,/nacomi-krem-do-twarzy-normalizujacy-20-50ml-000000000000275721.html,Regenerujące,"Aqua, Vitis Vinifera Seed Oil, Panthenol, Glycerin, Cetyl Alcohol, Cocos Nucifera Oil, Simmondsia Chinensis Seed Oil, Cetearyl Alcohol, Glyceryl Stearate, Glycyrrhiza Glabra Root Extract, Cannabis Sativa Seed Oil, Stearic Acid, Benzyl Alcohol, Parfum, Sodium Lauroyl Glutamate, Lentinus Edodes Extract, Tremella Fuciformis Extract, Dehydroacetic Acid, Zinc PCA, Copper PCA, CI 47005, CI 42090, CI 73015.",3.9,50.0,65.98,39.98,Nacomi,39.405880569869666,"water, vitis vinifera seed oil, panthenol, glycerin, cetyl alcohol, cocos nucifera oil, simmondsia chinensis seed oil, cetearyl alcohol, glyceryl stearate, glycyrrhiza glabra root extract, cannabis sativa seed oil, stearic acid, benzyl alcohol, parfum, sodium lauroyl glutamate, lentinus edodes extract, tremella fuciformis extract, dehydroacetic acid, zinc pca, copper pca, ci 47005, ci 42090, ci 73015."
La Roche-Posay,"krem do skóry łojotokowej, 40 ml",12,76.99,76.99,/la-roche-posay-krem-do-skory-lojotokowej-40ml-000000000000239432.html,Kojące,"Aqua/Water, Isononyl Isononanoate, Glycerin, Dimethicone, Ammonium Polyacryldimethyltauramide / Ammonium, Polyacryloyldimethyl Taurate, Myristyl Myristate, Stearic Acid, Potassium Cetyl Phosphate, Zinc Pca, Glyceryl Stearate Se, Sodium Hydroxide, Palmitic Acid, Disodium Edta, Capryloyl Glycine, Vitreoscilla Ferment, Citric Acid, Xanthan Gum, Acrylates Copolymer, Sodium Benzoate, Phenoxyethanol, Piroctone Olamine, Parfum/Fragrance.",4.5,40.0,192.48,192.48,La Roche-Posay,0.0,"water,water, isononyl isononanoate, glycerin, dimethicone, ammonium polyacryldimethyltauramide,ammonium, polyacryloyldimethyl taurate, myristyl myristate, stearic acid, potassium cetyl phosphate, zinc pca, glyceryl stearate se, sodium hydroxide, palmitic acid, disodium edta, capryloyl glycine, vitreoscilla ferment, citric acid, xanthan gum, acrylate copolymer, sodium benzoate, phenoxyethanol, piroctone olamine, parfum,fragrance."
La Roche-Posay Effeclar Mat,"regulujący matujący krem nawilżający do twarzy, 40 ml",20,84.99,84.99,/la-roche-posay-krem-do-twarzy-40ml-000000000000239457.html,nawilżający,"FIL CODE : B199058/1
AQUA / WATER
OCTOCRYLENE
GLYCERIN
HOMOSALATE
ETHYLHEXYL SALICYLATE
ALCOHOL
DENAT.
NIACINAMIDE
BUTYL
METHOXYDI B E NZOYLMETHANE
DIMETHICONE
SORBITAN STEARATE
SILICA
ISOPROPYLLAUROYL
SARCOSINATE
STYRENE/ACRYLATES
COPOLYMER
PROPYLENE GLYCOL
POTASSIUM CETYLPHOSPHATE
DIISOPROPYL SEBACATE
PEG-20
PEG-8
LAURATE
ZINC PCA
DIMETHICONE/VINYL
DIMETHICONE CROSSPOLYMER
2-OLEAMIDO-1,3-OCTADECANEDIOL
INULIN LAURYL CARBAMATE
CARNOSINE
POLOXAMER 338
AMMONIUM
POLYACRYLOYLDIMETHYL TAURATE
DISODIUM EDTA
SUCROSE COCOATE
CAPRYLOYL SALICYLIC ACID
XANTHAN GUM
T- BUTYL ALCOHOL
BHT
SALICYLIC ACID
PARFUM / FRAGRANCE",4.6,40.0,212.47,212.47,La Roche-Posay,0.0,"fil code: b199058/1 
, 
 octocrylene 
 glycerin 
 homosalate 
 ethylhexyl salicylate 
 alcohol 
 denat. 
 niacinamide 
 butyl 
 methoxydi b e nzoylmethane 
 dimethicone 
 sorbitan stearate 
 silica 
 isopropyllauroyl 
 sarcosinate 
 styrene,acrylate 
 copolymer 
 propylene glycol 
 potassium cetylphosphate 
 diisopropyl sebacate 
 peg-20 
 peg-8 
 laurate 
 zinc pca 
 dimethicone,vinyl 
 dimethicone crosspolymer 
 2 - oleamido-1,3 - octadecanediol 
 inulin lauryl carbamate 
 carnosine 
 poloxamer 338 
 ammonium 
 polyacryloyldimethyl taurate 
 disodium edta 
 sucrose cocoate 
 capryloyl salicylic acid 
 xanthan gum 
 t- butyl alcohol 
 bht 
 salicylic acid 
 parfum,fragrance"
Bielenda Professional Power Of Nature,"regenerujący krem do twarzy z ekstraktem ze śluzu ślimaka, 50 ml",16,69.99,69.99,/bielenda-professional-regenerujacy-krem-do-twarzy-50ml-000000000000301878.html,regenerujący,"Aqua (Water),Persea Gratissima (Avocado) Oil,Triethylhexanoin,Theobroma Cacao (Cocoa) Seed Butter,Prunus Amygdalus Dulcis (Sweet Almond) Oil,Tocopheryl Acetate,Glyceryl Stearate,Panthenol,Glycerin,Cetearyl Alcohol,Ethylhexyl Methoxycinnamate,Octocrylene,Potassium Cetyl Phosphate,Mauritia Flexuosa Fruit Oil,Rosa Canina (Fruit) Oil,Snail Secretion Filtrate,Sodium Hyaluronate,Aloe Barbadensis Leaf Juice Powder,Allantoin,Squalene,Ascorbyl Palmitate,Lecithin,Propylene Glycol,Tocopherol,Betasitosterol,Lactic Acid,Hydrogenated Vegetable Glycerides Citrate,Sodium Stearoyl Glutamate,Butyl Methoxydibenzoylmethane,Disodium EDTA,Ethylhexylglycerin,Phenoxyethanol,DMDM Hydantoin,Parfum (Fragrance),al,Hexyl Cinnamal,Limonene,Linalool",4.6,50.0,139.98,139.98,Bielenda,0.0,"water (water),persea gratissima (avocado) oil, triethylhexanoin, theobroma cacao (cocoa) seed butter, prunus amygdalus dulcis (sweetalmond) oil, tocopheryl acetate, glyceryl stearate, panthenol, glycerin, cetearyl alcohol, ethylhexyl methoxycinnamate, octocrylene, potassium cetyl phosphate, mauritia flexuosa fruit oil, rosa canina (fruit) oil, snail secretion filtrate, sodium hyaluronate, aloe barbadensis leaf juice powder, allantoin, squalene, ascorbyl palmitate, lecithin, propylene glycol, tocopherol, betasitosterol, lactic acid, hydrogenated vegetable glycerides citrate, sodium stearoyl glutamate, butyl methoxydibenzoylmethane, disodium edta, ethylhexylglycerin, phenoxyethanol, dmdm hydantoin, parfum (fragrance),al, hexyl cinnamal, limonene, linalool"
Nacomi,"krem do twarzy intensywnie nawilżający i przeciwzmarszczkowy na noc 50+, 50 ml",36,24.59,40.99,/nacomi-krem-do-twarzy-nawilzajacy-przeciwzmarszczkowy-50ml-000000000000277323.html,przeciwzmarszczkowy,"Aqua, Butyrospermum Parkii Butter, Persea Gratissima Oil, Cetyl Alcohol, Glycerin, Cetearyl Alcohol, Glyceryl Stearate, Macadamia Ternifolia Seed Oil, Panthenol, Stearic Acid, Sodium Lauroyl Glutamate, Benzyl Alcohol, Dextran, Trifluoroacetyl Tripeptide-2, Parfum, Dehydroacetic Acid.",4.9,50.0,81.98,49.18,Nacomi,40.00975847767749,"water, butyrospermum parkii butter, persea gratissima oil, cetyl alcohol, glycerin, cetearyl alcohol, glyceryl stearate, macadamia ternifolia seed oil, panthenol, stearic acid, sodium lauroyl glutamate, benzyl alcohol, dextran, trifluoroacetyl tripeptide-2, parfum, dehydroacetic acid."
Sylveco,"krem z betuliną do twarzy, 50 ml",13,36.79,45.99,/sylveco-krem-z-betulina-do-twarzy-50-ml-000000000000403739.html,Łagodzące,"Aqua,Glycine Soja Oil,Simmondsia Chinensis Seed Oil,Vitis Vinifera Seed Oil,Cera Alba,Betulin,Sodium Stearate,Sodium Levulinate,Sodium Anisate,Citric Acid",4.7,50.0,91.98,73.58,Sylveco,20.004348771472063,"water, glycine soja oil, simmondsia chinensis seed oil, vitis vinifera seed oil, cera alba, betulin, sodium stearate, sodium levulinate, sodium anisate, citric acid"
Bioderma Sensibio AR BB Cream,"krem BB do skóry z problemami naczynkowymi z SPF30, 40 ml",18,83.99,119.99,/bioderma-krem-bb-do-skory-z-problemami-naczynkowymi-40ml-000000000000248837.html,ochrona UV,"Aqua/Water/Eau, Glycerin, Cyclopentasiloxane, Dimethicone, Octocrylene, Titanium Dioxide (Ci 77891), Hdi/Trimethylol Hexyllactone Crosspolymer, Titanium Dioxide [Nano], Dipropylene Glycol, Peg-10 Dimethicone,Sorbitol, Caprylic/Capric Triglyceride, Butyl Methoxydibenzoylmethane, Cyclohexasiloxane, Canola/Canola Oil/Huile De Colza, Silica, Iron Oxides (Ci 77492), Propylene Glycol, Dimethicone/Vinyl Dimethicone Crosspolymer, Disteardimonium Hectorite, Glycyrrhetinic Acid, Sodium Chloride, Pentylene Glycol, Iron Oxides (Ci 77491), Dimethicone/Polyglycerin-3 Crosspolymer, 1,2-Hexanediol, Caprylyl Glycol, Disodium Edta, Hydrogenated Lecithin, Glycine Soja (Soybean) Germ Extract, Propylene Carbonate, Iron Oxides (Ci 77499), Laminaria Ochroleuca Extract, Mannitol, Pvp, Xanthan Gum, Xylitol, Ginkgo Biloba Leaf Extract, Sodium Citrate, Allantoin, Rhamnose, Cetrimonium Chloride, Sodium Hydroxide, Lecithin, Camellia Sinensis Leaf Extract, Alumina, Magnesium Oxide, Fructooligosaccharides, Tocopherol, Citric Acid. [Bi 670].",4.5,40.0,299.97,209.97,Bioderma,30.002500208350696,"water,water,eau, glycerin, cyclopentasiloxane, dimethicone, octocrylene, titanium dioxide (ci77891), hdi,trimethylol hexyllactone crosspolymer, titanium dioxide, nano ], dipropylene glycol, peg-10 dimethicone, sorbitol, caprylic,capric triglyceride, butyl methoxydibenzoylmethane, cyclohexasiloxane, canola,canola oil,huile de colza, silica, iron oxides (ci77492), propylene glycol, dimethicone,vinyl dimethicone crosspolymer, disteardimonium hectorite, glycyrrhetinic acid, sodium chloride, pentylene glycol, iron oxides (ci77491), dimethicone,polyglycerin-3 crosspolymer, 1,2 - hexanediol, caprylyl glycol, disodium edta, hydrogenate lecithin, glycine soja (soybean) germ extract, propylene carbonate, iron oxides (ci77499), laminaria ochroleuca extract, mannitol, pvp, xanthan gum, xylitol, ginkgo biloba leaf extract, sodium citrate, allantoin, rhamnose, cetrimonium chloride, sodium hydroxide, lecithin, camellia sinensis leaf extract, alumina, magnesium oxide, fructooligosaccharide, tocopherol, citric acid., bi 670,."
Cetaphil MD Dermoprotektor,"balsam nawilżający do twarzy i ciała, 250 ml",47,58.99,58.99,/cetaphil-balsam-do-twarzy-ciala-250ml-000000000000225490.html,nawilżający,"Aqua, Glycerin, Isopropyl Palmitate, Cetearyl Alcohol, Ceteareth-20, Panthenol, Niacinamide, Tocopheryl Acetate, Dimethicone, Persea Gratissima Oil, Helianthus Annuus Seed Oil, Pantolactone, Glyceryl Stearate, Sodium Benzoate, Benzyl Alcohol, Citric Acid. FIL.1745.V00",4.6,250.0,23.6,23.6,Cetaphil,0.0,"water, glycerin, isopropyl palmitate, cetearyl alcohol, ceteareth-20, panthenol, niacinamide, tocopheryl acetate, dimethicone, persea gratissima oil, helianthus annuus seed oil, pantolactone, glyceryl stearate, sodium benzoate, benzyl alcohol, citric acid. fil.1745.v00"
Revuele Ceramide,"nawilżający krem do twarzy z SPF25, 50 ml",12,24.99,24.99,/revuele-nawilzajacy-krem-do-twarzy-z-spf25-50-ml-000000000000427927.html,nawilżający,"Water / Aqua, Octocrylene, Homosalate, Ethylhexyl Salicylate, Glyceryl Stearate, Cetearyl Alcohol, Butyl Methoxydibenzoylmethane, Potassium Cetyl Phosphate, Propylene Glycol, Phenylbenzimidazole Sulfonic Acid, Cetyl Alcohol, Disodium Phenyl Glycolimidonate, Tylene Glycolimidonate. Bran Extract PEG-8, PEG-8 / SMDI Copolymer, Palmitoyl Myristyl Serinate, Sodium Polyacrylate, Dicaprylate / Caprate, Diisopropyl Adipate, Dimethicone, Stearic Acid, Myristic Acid, Phenoxyethanol, Cocos Nucifera Oil, Vitheryl Acetate, Tocop Sodium Hyaluronate, Vitamin B3 / Niacinamide, Acrylates / C10-30 Alkyl Acrylate Crosspolymer, Triethanolamine, Xanthan Gum, Disodium EDTA, Octadecyl Di-t-Butyl-4-Hydroxyhydrocinnamate.",4.8,50.0,49.98,49.98,Revuele,0.0,"water,water, octocrylene, homosalate, ethylhexyl salicylate, glyceryl stearate, cetearyl alcohol, butyl methoxydibenzoylmethane, potassium cetyl phosphate, propylene glycol, phenylbenzimidazole sulfonic acid, cetyl alcohol, disodium phenyl glycolimidonate, tylene glycolimidonate. bran extract peg-8, peg-8,smdi copolymer, palmitoyl myristyl serinate, sodium polyacrylate, dicaprylate,caprate, diisopropyl adipate, dimethicone, stearic acid, myristic acid, phenoxyethanol, cocos nucifera oil, vitheryl acetate, tocop sodium hyaluronate, vitamin b3,niacinamide, acrylates,c10 - 30 alkyl acrylate crosspolymer, triethanolamine, xanthan gum, disodium edta, octadecyl di - t - butyl-4 - hydroxyhydrocinnamate."
Benton Aloe,"żel kojący, 300 ml",6,39.99,39.99,/benton-zel-kojacy-000000000000363420.html,Kojące,"Aloe Barbadensis Leaf Extract (93%),1,2-Hexanediol,Propanediol,Laminaria Japonica Extract,Dioscorea Japonica Root Extract,Ulmus Davidiana Root Extract,Viola Mandshurica Flower Extract,Glycerin,Pentylene Glycol,Cocos Nucifera (Coconut) Fruit Extract,Pinus Sylvestris Leaf Extract,Carbomer,Arginine,Sodium Phytate",4.3,300.0,13.33,13.33,Benton,0.0,"aloe barbadensis leaf extract (93%),1,2 - hexanediol, propanediol, laminaria japonica extract, dioscorea japonica root extract, ulmus davidiana root extract, viola mandshurica flower extract, glycerin, pentylene glycol, cocos nucifera (coconut) fruit extract, pinus sylvestris leaf extract, carbomer, arginine, sodium phytate"
Benia III Atobenia,"silnie nawilżający balsam do ciała i twarzy, 250 ml",8,150.0,180.0,/benia-iii-silnie-nawilzajacy-balsam-do-ciala-i-twarzy-250-ml-43903713.html,nawilżający,"Woda; Gliceryna; Butylene Glycol; Macadamia Ternifolia Seed Oil; Arachidyl Alcohol; Behenyl Alcohol; Arachidyl Glucoside; Butyrospermum Parkii (Shea) Butter; Squalane; Helianthus Annuus (sunflower) Seed Oil; Tocopherol; Glyceryl Stearate; PEG-100 Stearate; Polyacrylate-13; Polyisobutene; Polysorbate 20; Sorbitan Isostearate; Dimethicone; Tocopheryl Acetate; Olea Europaea (Olive) Fruit Oil; Carthamus Tinctorius (Safflower) Seed Oil; Citrus Junos Fruit Extract; Citrus Paradisi (Grapefruit) Fruit Extract; Eucalyptus Globulus Leaf Extract; Eugenia Caryophyllus (Clove) Flower Extract; Sophora Angustifolia Root Extract; Nelumbo Nucifera Leaf Extract; Prunus Mume Fruit Extract; Ascorbic Acid; Sodium Citrate; Caprylyl Glycol; Ethylhexylglycerin; Saccharide Isomerate; Citric acid; Panthenol; Camellia Japonica Seed Oil; Portulaca Oleracea Extract; Biosaccharide Gum-1; 1,2-Hexanediol; Allantoin; Fragrance; Tetrasodium EDTA; Tromethamine; Artemisia Vulgaris Extract; Morus Alba Leaf Extract; Vitis Vinifera (Grape) Seed Extract; Psidium Guajava Leaf Extract; Camellia Sinensis Leaf Extract; Rosa Centifolia Flower Extract; Ceramide NP;",5.0,250.0,72.0,60.0,Benia III,16.666666666666664,"woda ; gliceryna ; butylene glycol ; macadamia ternifolia seed oil ; arachidyl alcohol ; behenyl alcohol ; arachidyl glucoside ; butyrospermum parkii (shea) butter ; squalane ; helianthus annuus (sunflower) seed oil ; tocopherol ; glyceryl stearate ; peg-100 stearate ; polyacrylate-13 ; polyisobutene ; polysorbate 20 ; sorbitan isostearate ; dimethicone ; tocopheryl acetate ; olea europaea (olive) fruit oil ; carthamus tinctorius (safflower) seed oil ; citrus junos fruit extract ; citrus paradisi (grapefruit) fruit extract ; eucalyptus globulus leaf extract ; eugenia caryophyllus (clove) flower extract ; sophora angustifolia root extract ; nelumbo nucifera leaf extract ; prunus mume fruit extract ; ascorbic acid ; sodium citrate ; caprylyl glycol ; ethylhexylglycerin ; saccharide isomerate ; citric acid ; panthenol ; camellia japonica seed oil ; portulaca oleracea extract ; biosaccharide gum-1 ; 1,2 - hexanediol ; allantoin ; fragrance ; tetrasodium edta ; tromethamine ; artemisia vulgaris extract ; morus alba leaf extract ; vitis vinifera (grape) seed extract ; psidium guajava leaf extract ; camellia sinensis leaf extract ; rosa centifolia flower extract ; ceramide np ;"
Holika Holika Aloe Water Proof Sun Gel,"wodoodporny krem-żel przeciwsłoneczny do twarzy SPF50 PA++++, 100 ml",548,89.99,89.99,/holika-holika-wodoodporny-krem-zel-przeciwsloneczny-do-twarzy-spf50-pa-100-ml-000000000000390581.html,ochrona UV,"WATER DIBUTYL ADIPATE PROPANEDIOL DIETHYLAMINO HYDROXYBENZOYL HEXYL BENZOATE POLYMETHYLSILSESQUIOXANE ETHYLHEXYL TRIAZONE NIACINAMIDE METHYLENE BIS-BENZOTRIAZOLYL TETRAMETHYLBUTYLPHENOL COCO-CAPRYLATE/CAPRATE CAPRYLYL METHICONE DIETHYLHEXYL BUTAMIDO TRIAZONE GLYCERIN BUTYLENE GLYCOL 1,2-HEXANEDIOL PENTYLENE GLYCOL BEHENYL ALCOHOL POLY C10-30 ALKYL ACRYLATE POLYGLYCERYL-3 METHYLGLUCOSE DISTEARATE DECYL GLUCOSIDE TROMETHAMINE CARBOMER FRAGRANCE ACRYLATES/C10-30 ALKYL ACRYLATE CROSSPOLYMER SODIUM STEAROYL GLUTAMATE POLYACRYLATE CROSSPOLYMER-6 ETHYLHEXYLGLYCERIN ADENOSINE XANTHAN GUM T-BUTYL ALCOHOL TOCOPHEROL HIPPOPHAE RHAMNOIDES FRUIT EXTRACT ASCORBIC ACID DAUCUS CAROTA SATIVA (CARROT) ROOT EXTRACT ROSA CANINA FRUIT EXTRACT PYRUS MALUS (APPLE) FRUIT EXTRACT PRUNUS ARMENIACA (APRICOT) JUICE MORINGA OLEIFERA SEED OIL CERAMIDE NP PHYTOSPHINGOSINE ALOE FEROX LEAF EXTRACT HYDROGENATED LECITHIN ARTEMISIA CAPILLARIS EXTRACT",4.4,100.0,89.99,89.99,Holika Holika,0.0,"water dibutyl adipate propanediol diethylamino hydroxybenzoyl hexyl benzoate polymethylsilsesquioxane ethylhexyl triazone niacinamide methylene bis - benzotriazolyl tetramethylbutylphenol coco - caprylate,caprate caprylyl methicone diethylhexyl butamido triazone glycerin butylene glycol 1,2 - hexanediol pentylene glycol behenyl alcohol poly c10 - 30 alkyl acrylate polyglyceryl-3 methylglucose distearate decyl glucoside tromethamine carbomer fragrance acrylates,c10 - 30 alkyl acrylate crosspolymer sodium stearoyl glutamate polyacrylate crosspolymer-6 ethylhexylglycerin adenosine xanthan gum t - butyl alcohol tocopherol hippophae rhamnoides fruit extract ascorbic acid daucus carota sativa (carrot) root extract rosa canina fruit extract pyrus malus (apple) fruit extract prunus armeniaca (apricot) juice moringa oleifera seed oil ceramide np phytosphingosine aloe ferox leaf extract hydrogenate lecithin artemisia capillaris extract"
L'Oréal Paris Revitalift Filler,"przeciwzmarszczkowy krem do twarzy, 50 ml",8,79.99,97.99,/loreal-paris-przeciwzmarszczkowy-krem-do-twarzy-50-ml-000000000000434917.html,przeciwzmarszczkowy,"Aqua/Water, Propylene Glycol, Glycerin, Dimethicone, Alcohol Denat., Octyldodecanol, Caprylyl Methicone, Betaine, Niacinamide, Isohexadecane, Hydroxypalmitoyl Sphinganine, Sodium Acetylated Hyaluronate, Sodium Hyaluronate, Sodium Hydroxide, 2-Oleamido-1,3-Octadecanediol, Tocopheryl Acetate, Ceramide NP, Hydrogenated Lecithin, Acrylates/C10-30 Alkyl Acrylate Crosspolymer, Carbomer, Xanthan Gum, Dimethiconol, Citronellol, Linalool, Chlorphenesin, Phenoxyethanol, Parfum/Fragrance (F.I.L. Z70019477/1)",4.9,50.0,195.98,159.98,L'Oréal Paris,18.369221349117257,"water,water, propylene glycol, glycerin, dimethicone, alcohol denat., octyldodecanol, caprylyl methicone, betaine, niacinamide, isohexadecane, hydroxypalmitoyl sphinganine, sodium acetylated hyaluronate, sodium hyaluronate, sodium hydroxide, 2 - oleamido-1,3 - octadecanediol, tocopheryl acetate, ceramide np, hydrogenate lecithin, acrylates,c10 - 30 alkyl acrylate crosspolymer, carbomer, xanthan gum, dimethiconol, citronellol, linalool, chlorphenesin, phenoxyethanol, parfum,fragrance (f.i.l.z70019477/1)"
Revuele Age Revive,"liftingujące serum pod oczy, 25 ml",38,12.99,12.99,/revuele-liftingujace-serum-pod-oczy-25-ml-000000000000351551.html,Nawilżające,"Water / Aqua, Mineral Oil / Paraffinum Liquidum, Glyceryl Stearate, Cetearyl Alcohol (and)
Ceteareth-20 (and) Ceteareth-12
and Cetyl Palmitate, Glycerin,
Shea Butter / Butyrospermum Parkii Butter, Xanthan Gum, Pectin,
Hydrolyzed Vegetable Protein,
Serine, Arginine, Proline, Disodium
EDTA, Octyldodecanol, Etylhexyl
Stearate, Propylene Glycol,
Alpine Rose Leaf Cell Culture Extract / Rhododendron Ferrugineum Leaf Cell Culture Extract (and) Isomalt
(and) Lecithin (and) Sodium
Benzoate (and) Lactic Acid,
Coenzyme Q10 / Ubiquinone,
Provitamin B5 / Panthenol, Caffeine, Allantoin,
Phenoxyethanol, Fragrance / Parfum,
Triethanolamine, Acrylates/C10-30
Alkyl Acrylate Crosspolymer, Butylated Hydroxytoluene / BHT.",4.1,25.0,51.96,51.96,Revuele,0.0,"water,water, mineral oil,paraffinum liquidum, glyceryl stearate, cetearyl alcohol (and) 
 ceteareth-20 (and) ceteareth-12 
 and cetyl palmitate, glycerin, 
 shea butter,butyrospermum parkii butter, xanthan gum, pectin, 
 hydrolyzed vegetable protein, 
 serine, arginine, proline, disodium 
 edta, octyldodecanol, etylhexyl 
 stearate, propylene glycol, 
 alpine rose leaf cell culture extract,rhododendron ferrugineum leaf cell culture extract (and) isomalt 
 (and) lecithin (and) sodium 
 benzoate (and) lactic acid, 
 coenzyme q10,ubiquinone, 
 provitamin b5,panthenol, caffeine, allantoin, 
 phenoxyethanol, fragrance,parfum, 
 triethanolamine, acrylates,c10 - 30 
 alkyl acrylate crosspolymer, butylated hydroxytoluene,bht."
Lierac Mesolift,"krem do twarzy, 40 ml",11,139.99,139.99,/lierac-krem-do-twarzy-40-ml-000000000000384473.html,"Nawilżające,
Odświeżające,
Odżywcze,
Pielęgnujące",INGREDIENTS: AQUA / WATER / EAU. GLYCERIN. NIACINAMIDE. PENTAERYTHRITYL TETRAETHYLHEXANOATE. SQUALANE. C10-18 TRIGLYCERIDES. NEOPENTYL GLYCOL DIHEPTANOATE. CETYL ALCOHOL. GLYCERYL STEARATE. CETEARYL ALCOHOL. DIMETHICONE. PEG-75 STEARATE. SODIUM LACTATE. HYDROXYETHYL ACRYLATE/SODIUM ACRYLOYLDIMETHYL TAURATE COPOLYMER. PARFUM / FRAGRANCE. POLYACRYLATE CROSSPOLYMER-6. CETETH-20. STEARETH-20. PANTHENOL. PYRIDOXINE HCL. SODIUM BENZOATE. CITRIC ACID. PROPYLENE GLYCOL. SODIUM PCA. ZEA MAYS (CORN) OIL. GLYCOLIC ACID. LACTIC ACID. MALIC ACID. PENTYLENE GLYCOL. MAGNESIUM ASPARTATE. ZINC GLUCONATE. TOCOPHEROL. POLYSORBATE 60. SORBITAN ISOSTEARATE. PYRUVIC ACID. SODIUM HYALURONATE. TARTARIC ACID. GLYCINE SOJA (SOYBEAN) OIL. CI 19140 / YELLOW 5. COPPER GLUCONATE. CI 14700 / RED 4. CI 75130 / BETA-CAROTENE. 1538A.,3.5,40.0,349.98,349.98,Lierac,0.0,"ingredient: water,water,eau. glycerin. niacinamide. pentaerythrityl tetraethylhexanoate. squalane. c10 - 18 triglycerides. neopentyl glycol diheptanoate. cetyl alcohol. glyceryl stearate. cetearyl alcohol. dimethicone. peg-75 stearate. sodium lactate. hydroxyethyl acrylate,sodium acryloyldimethyl taurate copolymer. parfum,fragrance. polyacrylate crosspolymer-6. ceteth-20. steareth-20. panthenol. pyridoxine hcl. sodium benzoate. citric acid. propylene glycol. sodium pca. zea mays (corn) oil. glycolic acid. lactic acid. malic acid. pentylene glycol. magnesium aspartate. zinc gluconate. tocopherol. polysorbate 60. sorbitan isostearate. pyruvic acid. sodium hyaluronate. tartaric acid. glycine soja (soybean) oil. ci 19140,yellow 5. copper gluconate. ci 14700,red 4. ci 75130,beta - carotene. 1538a."
Nacomi Next Level,"krem do twarzy SPF50 holiday, 50 ml",111,23.99,39.99,/nacomi-krem-do-twarzy-spf50-holiday-50-ml-000000000000385251.html,ochrona UV,"Aqua, Diethylamino Hydroxybenzoyl Hexyl Benzoate, Glycerin, Bis-Ethylhexyloxyphenol Methoxyphenyl Triazine, Ethylhexyl Triazone, Thermus Thermophillus Ferment, Cetyl Alcohol, Cetearyl Alcohol, Glyceryl Stearate, Methylene Bis-Benzotriazolyl Tetramethylbutylphenol (nano), Coco-Caprylate/Caprate, Isopropyl Myristate, Propylheptyl Caprylate, Hydrogenated Farnesene, Olea Europaea Fruit Oil, Stearic Acid, Sodium Lauroyl Glutamate, Passiflora Incarnata Seed Oil, Camellia Sinensis Leaf Extract, Linum Usitatissimum Seed Extract, Althaea Officinalis Root Extract, Prunus Amygdalus Dulcis Fruit Extract, Hydrolyzed Glycosaminoglycans, Sodium Hyaluronate, Hyaluronic Acid, Hydrolyzed Hyaluronic Acid, Sodium Hyaluronate Crosspolymer, Tocopherol, Glycine Soja Oil, Potato Starch Modified, Decyl Glucoside, Zea Mays Starch, Propanediol, Tocopheryl Acetate, Dehydroacetic Acid, Xanthan Gum, Propylene Glycol, Citric Acid, Parfum, Raspberry Ketone, Potassium Sorbate, Sodium Benzoate, Benzyl Glycol, Phenoxyethanol, Ethylhexylglycerin, Benzyl Alcohol.",3.1,50.0,79.98,47.98,Nacomi,40.01000250062516,"water, diethylamino hydroxybenzoyl hexyl benzoate, glycerin, bis - ethylhexyloxyphenol methoxyphenyl triazine, ethylhexyl triazone, thermus thermophillus ferment, cetyl alcohol, cetearyl alcohol, glyceryl stearate, methylene bis - benzotriazolyl tetramethylbutylphenol (nano), coco - caprylate,caprate, isopropyl myristate, propylheptyl caprylate, hydrogenate farnesene, olea europaea fruit oil, stearic acid, sodium lauroyl glutamate, passiflora incarnata seed oil, camellia sinensis leaf extract, linum usitatissimum seed extract, althaea officinalis root extract, prunus amygdalus dulcis fruit extract, hydrolyzed glycosaminoglycans, sodium hyaluronate, hyaluronic acid, hydrolyzed hyaluronic acid, sodium hyaluronate crosspolymer, tocopherol, glycine soja oil, potato starch modified, decyl glucoside, zea mays starch, propanediol, tocopheryl acetate, dehydroacetic acid, xanthan gum, propylene glycol, citric acid, parfum, raspberry ketone, potassium sorbate, sodium benzoate, benzyl glycol, phenoxyethanol, ethylhexylglycerin, benzyl alcohol."
AA Cera Wrażliwa,"kojący krem do cery wrażliwej, 50 ml",5,19.99,19.99,/aa-kojacy-krem-do-cery-wrazliwej-50-ml-000000000000415189.html,Kojące,"Aqua,Butyrospermum Parkii Butter,Polyglyceryl-3 Distearate,Pentylene Glycol,Caprylic/Capric Triglyceride,Hydroxypropyl Starch Phosphate,Glyceryl Stearate,Squalane,Glycerin,Cetearyl Alcohol,Aluminium Sucrose Octasulfate,Hydroxyacetophenone,Glyceryl Stearate Citrate,Panthenol,Asiaticoside,Madecassic Acid,Asiatic Acid,Sodium Hyaluronate,Allantoin,Triolein,Glyceryl Dioleate,Ceramide NP,Ceramide NG,Cetyl Hydroxyethylcellulose,Parfum",5.0,50.0,39.98,39.98,AA,0.0,"water, butyrospermum parkii butter, polyglyceryl-3 distearate, pentylene glycol, caprylic,capric triglyceride, hydroxypropyl starch phosphate, glyceryl stearate, squalane, glycerin, cetearyl alcohol, aluminium sucrose octasulfate, hydroxyacetophenone, glyceryl stearate citrate, panthenol, asiaticoside, madecassic acid, asiatic acid, sodium hyaluronate, allantoin, triolein, glyceryl dioleate, ceramide np, ceramide ng, cetyl hydroxyethylcellulose, parfum"
Bergamo Vitamin,"rozjaśniający krem witaminowy do twarzy, 50 g",17,49.99,49.99,/bergamo-rozjasniajacy-krem-witaminowy-do-twarzy-50-g-000000000000411832.html,"Kojące,
Nawilżające,
Regenerujące","Aqua, Mineral Oil, Glycerin, Dipropylene Glycol, Cetyl Ethylhexanoate, Stearic Acid, Niacinamide, Beeswax, Hydrogenated Polydecene, Cetearyl Alcohol, Glyceryl Stearate, Butyrospermum Parkii (Shea Butter), Sorbitan Stearate, PEG-100 Stearate, Dimethicone, Phenoxyethanol, Carbomer, Arginine, Beta-Glucan, Hippophae Rhamnoides Extract, Mangifera Indica (Mango) Fruit Extract, Lycium Chinense Fruit Extract, Schizandra Chinensis Fruit Extract, Allantoin, Disodium EDTA, Adenosine, Parfum, CI 19140",4.8,50.0,99.98,99.98,Bergamo,0.0,"water, mineral oil, glycerin, dipropylene glycol, cetyl ethylhexanoate, stearic acid, niacinamide, beeswax, hydrogenate polydecene, cetearyl alcohol, glyceryl stearate, butyrospermum parkii (sheabutter), sorbitan stearate, peg-100 stearate, dimethicone, phenoxyethanol, carbomer, arginine, beta - glucan, hippophae rhamnoide extract, mangifera indica (mango) fruit extract, lycium chinense fruit extract, schizandra chinensis fruit extract, allantoin, disodium edta, adenosine, parfum, ci 19140"
Orientana Natural Snail Cream,"regenerujący krem do twarzy ze śluzem ślimaka, 50 ml",54,48.99,69.99,/orientana-krem-do-twarzy-ze-sluzem-slimaka-50ml-000000000000299731.html,regenerujący,"INCI: Aqua, Coco Caprylate/Caprate, Propanediol, Snail Secretion Filtrate, Prunus Amygdalus Dulcis Oil, Glycerin, Glyceryl Stearate Citrate, Sucrose Stearate, Polyglyceryl-4 Cocoate, Camellia Kissi Seed Oil, Tocopherol, Butyrospermum Parkii Butter, Cetearyl Alcohol, Boerhavia Diffusa Root Extract, Sodium Hyaluronate, Cetyl Alcohol, Sodium Ricinoleate, Xanthan Gum, Sodium Phytate Sodium Benzoate, Potassium Sorbate, Citric Acid, Parfum (kompozycja zapachowa hypoalergiczna).",4.1,50.0,139.98,97.98,Orientana,30.00428632661808,"inci: water, coco caprylate,caprate, propanediol, snail secretion filtrate, prunus amygdalus dulcis oil, glycerin, glyceryl stearate citrate, sucrose stearate, polyglyceryl-4 cocoate, camellia kissi seed oil, tocopherol, butyrospermum parkii butter, cetearyl alcohol, boerhavia diffusa root extract, sodium hyaluronate, cetyl alcohol, sodium ricinoleate, xanthan gum, sodium phytate sodium benzoate, potassium sorbate, citric acid, parfum (kompozycjazapachowahypoalergiczna)."
Skin79 Natural Snail Mucus,"głeboko nawilżający krem do twarzy, 50 ml",20,52.99,52.99,/skin79-gleboko-nawilzajacy-krem-do-twarzy-50-ml-000000000000365645.html,nawilżający,"Water,Glycerin,Butylene Glycol,Caprylic/Capric Triglyceride,Hydrogenated Polydecene,Dimethicone,Pentylene Glycol,Dimethicone/Vinyl Dimethicone Crosspolymer,Phenoxyethanol,Carbomer,Amodimethicone,Sodium Hydroxide,Disodium EDTA,Cetearyl Alcohol,Stearic Acid,Glyceryl Stearate,PEG-100 Stearate,Snail Secretion Filtrate (1,000 ppm),Sodium Hyaluronate,Sorbitan Stearate,Urea,Hydroxyacetophenone,Aloe Barbadensis Extract,Opuntia Ficus-Indica Extract,Bambusa Vulgaris Extract,Cucumis Sativus (Cucumber) Extract,1,2 Hexanediol,Arginine,Ceramide NP,Hydrogenated Lecithin,Sodium Hyaluronate Crosspolymer,Hydrolyzed Hyaluronic Acid,Hyaluronic Acid,Ethylhexylglycerin,Hydrolyzed Sodium Hyaluronate,Sodium polyacrylate,Allantoin,Hydrolyzed Collagen,Fragrance",4.6,50.0,105.98,105.98,Skin79,0.0,"water, glycerin, butylene glycol, caprylic,capric triglyceride, hydrogenated polydecene, dimethicone, pentylene glycol, dimethicone,vinyl dimethicone crosspolymer, phenoxyethanol, carbomer, amodimethicone, sodium hydroxide, disodium edta, cetearyl alcohol, stearic acid, glyceryl stearate, peg-100 stearate, snail secretion filtrate (1,000ppm),sodium hyaluronate, sorbitan stearate, urea, hydroxyacetophenone, aloe barbadensis extract, opuntia ficus - indica extract, bambusa vulgaris extract, cucumis sativus (cucumber) extract,1,2 hexanediol, arginine, ceramide np, hydrogenated lecithin, sodium hyaluronate crosspolymer, hydrolyzed hyaluronic acid, hyaluronic acid, ethylhexylglycerin, hydrolyzed sodium hyaluronate, sodium polyacrylate, allantoin, hydrolyzed collagen, fragrance"
Soraya Kolagen i Elastyna,"nawilżający krem do twarzy na dzień i na noc, 50 ml",7,12.49,12.49,/soraya-krem-do-twarzy-50ml-000000000000232484.html,nawilżający,"Kolagen i Elastyna pochodzenia morskiego – odpowiedniki naturalnych protein skóry, wspomagają utrzymanie naturalnej elastyczności i jędrności skóry.
Czysta witamina E – zwana witaminą młodości, chroni przed zanieczyszczeniami środowiska i wolnymi rodnikami, opóźniając procesy starzenia. Poprawia barierę lipidową naskórka, dzięki czemu skóra staje się lepiej nawilżona, bardziej elastyczna i gładka.
Aktywna witamina A – zwana witaminą wzrostu, przyspiesza regenerację komórek i sprzyja odnowie. Reguluje procesy złuszczania się naskórka, wygładza i rozjaśnia cerę. Wzmacnia sieć włókien podporowych skóry, dzięki czemu poprawia jej jędrność i elastyczność .
Stymulująca witamina C – silny antyutleniacz, który zwalcza wolne rodniki powodujące starzenie się skóry. Stymuluje syntezę kolagenu, zapobiega pojawianiu się zmarszczek.",4.9,50.0,24.98,24.98,Soraya,0.0,"kolagen i elastyna pochodzenia morskiego – odpowiedniki naturalnych protein skóry, wspomagają utrzymanie naturalnej elastyczności i jędrności skóry. 
 czysta witamina e – zwana witaminą młodości, chroni prze zanieczyszczeniami środowiska i wolnymi rodnikami, opóźniając procesy starzenia. poprawia barierę lipidową naskórka, dzięki czemu skóra staje się lepiej nawilżona, bardziej elastyczna i gładka. 
 aktywna witamina a – zwana witaminą wzrostu, przyspiesza regenerację komórek i sprzyja odnowie. reguluje procesy złuszczania się naskórka, wygładza i rozjaśnia cerę. wzmacnia sieć włókien podporowych skóry, dzięki czemu poprawia jej jędrność i elastyczność. 
 stymulująca witamina c – silny antyutleniacz, który zwalcza wolne rodniki powodujące starzenie się skóry. stymuluje syntezę kolagenu, zapobiega pojawianiu się zmarszczek."
Floslek Naczynka Pro,"nawilżający krem do twarzy, 50 ml",7,25.99,25.99,/floslek-nawilzajacy-krem-do-twarzy-50-ml-000000000000410325.html,nawilżający,"Aqua*, Pentylene Glycol*, Glyceryl Stearate*, Isopropyl Palmitate*, Glycerin*, PEG-100 Stearate, Dipropylene Glycol, Prunus Amygdalus Dulcis Oil*, Caprylic/Capric Triglyceride*, Ethylhexyl Methoxycinnamate, Cetearyl Alcohol*, Ceteareth-20, Shea Butter Ethyl Esters*, Glycosaminoglycans*, Viola Tricolor Extract*, Arnica Montana Flower Extract*, Arnica Chamissonis Flower Extract*, Ginkgo Biloba Leaf Extract*, Panthenol, Tocopheryl Acetate, Carbomer, Triethanolamine, Ethylhexylglycerin, Parfum, Decylene Glycol, Caprylhydroxamic Acid, Sodium Phytate*, Sodium Benzoate, Potassium Sorbate, Citric Acid*, Biotin.
*składniki pochodzenia naturalnego",5.0,50.0,51.98,51.98,Floslek,0.0,"water *, pentylene glycol *, glyceryl stearate *, isopropyl palmitate *, glycerin *, peg-100 stearate, dipropylene glycol, prunus amygdalus dulcis oil *, caprylic,capric triglyceride *, ethylhexyl methoxycinnamate, cetearyl alcohol *, ceteareth-20, shea butter ethyl esters *, glycosaminoglycan *, viola tricolor extract *, arnica montana flower extract *, arnica chamissonis flower extract *, ginkgo biloba leaf extract *, panthenol, tocopheryl acetate, carbomer, triethanolamine, ethylhexylglycerin, parfum, decylene glycol, caprylhydroxamic acid, sodium phytate *, sodium benzoate, potassium sorbate, citric acid *, biotin. 
 * składniki pochodzenia naturalnego"
Facemania Vitamin C,"rozjaśniający krem do twarzy z witaminą C, 50 ml",11,27.99,39.99,/facemania-rozjasniajacy-krem-do-twarzy-z-witamina-c-50-ml-000000000000352545.html,Odżywcze,"Aqua, Caprylic/Capric Triglyceride, Glycerin, Magnesium Ascorbyl Phosphate, Polyglyceryl-3 Methylglucose Distearate, Propanediol, Cetearyl Alcohol, Allantoin, Salvia Sclarea Extract, Butyrospermum Parkii Butter, Glyceryl Stearate, Citrus Limon Fruit Extract, Lycium Barbarum Fruit Extract, Camellia Sinensis Leaf Extract, Tocopheryl Acetate, Panthenol, Parfum, Sodium Benzoate, Potassium Sorbate, Phenoxyethanol, Ethylhexylglycerin, Limonene, Hexyl Cinnamal, Citral, Geraniol.",4.4,50.0,79.98,55.98,Facemania,30.007501875468872,"water, caprylic,capric triglyceride, glycerin, magnesium ascorbyl phosphate, polyglyceryl-3 methylglucose distearate, propanediol, cetearyl alcohol, allantoin, salvia sclarea extract, butyrospermum parkii butter, glyceryl stearate, citrus limon fruit extract, lycium barbarum fruit extract, camellia sinensis leaf extract, tocopheryl acetate, panthenol, parfum, sodium benzoate, potassium sorbate, phenoxyethanol, ethylhexylglycerin, limonene, hexyl cinnamal, citral, geraniol."
Teaology Matcha,"krem do twarzy i szyi z herbatą matcha, 30 ml",65,54.99,69.99,/teaology-krem-do-twarzy-i-szyi-z-herbata-matcha-30-ml-000000000000351278.html,"Napinające skórę,
Odżywcze,
Ujędrniające","AQUA (*), COCO-CAPRYLATE/CAPRATE, DICAPRYLYL CARBONATE, CETEARYL ALCOHOL, CETEARYL GLUCOSIDE, DIMETHICONE, GLYCERYL STEARATE, DICAPRYLYL ETHER, ISOSTEARYL ISOSTEARATE, BUTYLENE GLYCOL COCOATE, BUTYROSPERMUM PARKII BUTTER, GLYCERIN, OLUS OIL, CAMELLIA SINENSIS LEAF (*), SCLEROCARYA BIRREA SEED OIL, TOCOPHERYL ACETATE, PULLULAN, SACCHARIDE ISOMERATE, MAGNESIUM ASCORBYL PHOSPHATE, SODIUM HYALURONATE, ASCORBYL PALMITATE, CERA ALBA, NANNOCHLOROPSIS OCULATA EXTRACT, ETHYLHEXYLGLYCERIN, RETINYL PALMITATE, GLUCOMANNAN, LECITHIN, TOCOPHEROL, MICA, ETHYLHEXYL PALMITATE, PARFUM, PHENOXYETHANOL, PEG-100 STEARATE, HDI/TRIMETHYLOL HEXYLLACTONE CROSSPOLYMER, POLYMETHYLSILSESQUIOXANE, BENZOPHENONE-4, CAMELLIA SINENSIS LEAF EXTRACT, UNDECYLENIC ACID, SODIUM PHYTATE, CAMELINA SATIVA SEED OIL, CITRULLUS LANATUS FRUIT EXTRACT, LENS ESCULENTA FRUIT EXTRACT, PYRUS MALUS FRUIT EXTRACT, CI 77492, TITANIUM DIOXIDE, TRIHYDROXYSTEARIN, PROPANEDIOL, SODIUM LACTATE, SODIUM PCA, CITRIC ACID, CITRAL, GERANIOL, HEXYL CINNAMAL, LIMONENE, LINALOOL, (*) tea infusion",4.7,30.0,233.3,183.3,Teaology,21.431633090441483,"water (*), coco - caprylate,caprate, dicaprylyl carbonate, cetearyl alcohol, cetearyl glucoside, dimethicone, glyceryl stearate, dicaprylyl ether, isostearyl isostearate, butylene glycol cocoate, butyrospermum parkii butter, glycerin, olus oil, camellia sinensis leaf (*), sclerocarya birrea seed oil, tocopheryl acetate, pullulan, saccharide isomerate, magnesium ascorbyl phosphate, sodium hyaluronate, ascorbyl palmitate, cera alba, nannochloropsis oculata extract, ethylhexylglycerin, retinyl palmitate, glucomannan, lecithin, tocopherol, mica, ethylhexyl palmitate, parfum, phenoxyethanol, peg-100 stearate, hdi,trimethylol hexyllactone crosspolymer, polymethylsilsesquioxane, benzophenone-4, camellia sinensis leaf extract, undecylenic acid, sodium phytate, camelina sativa seed oil, citrullus lanatus fruit extract, lens esculenta fruit extract, pyrus malus fruit extract, ci 77492, titanium dioxide, trihydroxystearin, propanediol, sodium lactate, sodium pca, citric acid, citral, geraniol, hexyl cinnamal, limonene, linalool, (*) tea infusion"
Iwostin Solecrin,"krem na przebarwienia do twarzy SPF50+, 50 ml",10,49.99,67.99,/iwostin-krem-na-przebarwienia-do-twarzy-spf50-50-ml-000000000000384761.html,ochrona UV,"Aqua,Ethylhexyl Methoxycinnamate,C12-15 Alkyl Benzoate,Dicaprylyl Carbonate,Titanium Dioxide,Glycerin,Potassium Cetyl Phosphate,Butyl Methoxydibenzoylmethane,Methylene Bis-Benzotriazolyl Tetramethylbutylphenol [nano],Bis-Ethylhexyloxyphenol Methoxyphenyl Triazine,Mannitol,Hydrogenated Polydecene,VP/Eicosene Copolymer,Glyceryl Stearate SE,Cetearyl Alcohol,Caprylic/Capric Triglyceride,Aluminum Starch Octenylsuccinate,Sodium Gluconate,Sodium Citrate,Waltheria Indica Leaf Extract,Dextrin,Ferulic Acid,Hydroxystearic Acid,Hydrogenated Olive Oil Stearyl Esters,Tocopheryl Acetate,Decyl Glucoside,Xanthan Gum,Ocimum Sanctum Leaf Extract,Silybum Marianum Fruit Extract,Butylene Glycol,Polyacrylate-13,Polyisobutene,Polysorbate 20,Propylene Glycol,Disodium EDTA,PEG-8,Tocopherol,Ascorbic Acid,Ascorbyl Palmitate,Citric Acid,Phenoxyethanol,Ethylhexylglycerin,BHT,Sorbitan Isostearate,Potassium Sorbate,Alumina,Dimethicone",3.6,50.0,135.98,99.98,Iwostin,26.47448154140314,"water, ethylhexyl methoxycinnamate, c12 - 15 alkyl benzoate, dicaprylyl carbonate, titanium dioxide, glycerin, potassium cetyl phosphate, butyl methoxydibenzoylmethane, methylene bis - benzotriazolyl tetramethylbutylphenol, nano],bis - ethylhexyloxyphenol methoxyphenyl triazine, mannitol, hydrogenated polydecene, vp,eicosene copolymer, glyceryl stearate se, cetearyl alcohol, caprylic,capric triglyceride, aluminum starch octenylsuccinate, sodium gluconate, sodium citrate, waltheria indica leaf extract, dextrin, ferulic acid, hydroxystearic acid, hydrogenated olive oil stearyl esters, tocopheryl acetate, decyl glucoside, xanthan gum, ocimum sanctum leaf extract, silybum marianum fruit extract, butylene glycol, polyacrylate-13,polyisobutene, polysorbate 20,propylene glycol, disodium edta, peg-8,tocopherol, ascorbic acid, ascorbyl palmitate, citric acid, phenoxyethanol, ethylhexylglycerin, bht, sorbitan isostearate, potassium sorbate, alumina, dimethicone"
Ava Rozszerzone Naczynka,"krem do twarzy SPF15, 50 ml",7,39.99,39.99,/ava-krem-do-twarzy-spf15-50-ml-000000000000407789.html,ochrona UV,"Aqua, Glycerin, Butyl Methoxydibenzoylmethane, Ethylhexyl Methoxycinnamate, Octocrylene, Butylene Glycol, Vitis Vinifera Seed Oil, Cetearyl Olivate, Cetearyl Alcohol, Prunus Amygdalus Dulcis Oil, Sorbitan Olivate, Glyceryl Stearate, Hydrogenated Ethylhexyl Olivate, Zea Mays Starch, Olus Oil, Panthenol, Glycine Soja Oil, Coco-Caprylate/Caprate, Glucosyl Hesperidin, Sambucus Nigra Flower Extract, Escin, Enantia Chlorantha Bark Extract, Ruscus Aculeatus Root Extract, Aesculus Hippocastanum Bark Extract, Aesculus Hippocastanum Flower Extract, Cupressus Sempervirens Seed Extract, Tilia Cordata Flower Extract, Ammonium Glycyrrhizate, Centella Asiatica Leaf Extract, Hydrolyzed Yeast Protein, Calendula Officinalis Flower Extract, Beta-Sitosterol, Hydrogenated Olive Oil Unsaponifiables, Isohexadecane, Phenoxyethanol, Hydroxyethyl Acrylate/Sodium Acryloyldimethyl Taurate Copolymer, Ethylhexylglycerin, Disodium EDTA, Polysorbate 60, Tocopherol, Sorbitan Isostearate, Squalene, Sodium Citrate, Sodium Hydroxide, BHT, Oleanolic Acid, Parfum.",4.6,50.0,79.98,79.98,Ava,0.0,"water, glycerin, butyl methoxydibenzoylmethane, ethylhexyl methoxycinnamate, octocrylene, butylene glycol, vitis vinifera seed oil, cetearyl olivate, cetearyl alcohol, prunus amygdalus dulcis oil, sorbitan olivate, glyceryl stearate, hydrogenate ethylhexyl olivate, zea mays starch, olus oil, panthenol, glycine soja oil, coco - caprylate,caprate, glucosyl hesperidin, sambucus nigra flower extract, escin, enantia chlorantha bark extract, ruscus aculeatus root extract, aesculus hippocastanum bark extract, aesculus hippocastanum flower extract, cupressus sempervirens seed extract, tilia cordata flower extract, ammonium glycyrrhizate, centella asiatica leaf extract, hydrolyzed yeast protein, calendula officinalis flower extract, beta - sitosterol, hydrogenate olive oil unsaponifiable, isohexadecane, phenoxyethanol, hydroxyethyl acrylate,sodium acryloyldimethyl taurate copolymer, ethylhexylglycerin, disodium edta, polysorbate 60, tocopherol, sorbitan isostearate, squalene, sodium citrate, sodium hydroxide, bht, oleanolic acid, parfum."
Revuele Age Revive,"krem-koncentrat do twarzy na noc, 50 ml",7,12.99,12.99,/revuele-krem-koncentrat-do-twarzy-na-noc-50ml-000000000000351477.html,Przeciwzmarszczkowe,"Water / Aqua, Glyceryl Stearate, Shea Butter / Butyrospermum Parkii Butter, Mineral Oil / Paraffinum Liquidum, Cetearyl Alcohol, Glycerin,
Caprylic/Capric Triglyceride, Ceteareth-20,
Ceteareth-12, Cetyl Palmitate, Polydimetylsiloxane / Dimethicone, Alpine Rose Leaf Cell Culture Extract / Rhododendron Ferrugineum Leaf Cell Culture Extract (and) Isomalt (and) Lecithin
(and) Sodium Benzoate (and) Lactic
Acid, Phenoxyethanol, Fragrance / Parfum,
Acrylates/C10-30 Alkyl Acrylate
Crosspolymer, Triethanolamine,
Coenzyme Q10 / Ubiquinone, Allantoin, Butylated Hydroxytoluene / BHT.",4.8,50.0,25.98,25.98,Revuele,0.0,"water,water, glyceryl stearate, shea butter,butyrospermum parkii butter, mineral oil,paraffinum liquidum, cetearyl alcohol, glycerin, 
 caprylic,capric triglyceride, ceteareth-20, 
 ceteareth-12, cetyl palmitate, polydimetylsiloxane,dimethicone, alpine rose leaf cell culture extract,rhododendron ferrugineum leaf cell culture extract (and) isomalt (and) lecithin 
 (and) sodium benzoate (and) lactic 
 acid, phenoxyethanol, fragrance,parfum, 
 acrylates,c10 - 30 alkyl acrylate 
 crosspolymer, triethanolamine, 
 coenzyme q10,ubiquinone, allantoin, butylated hydroxytoluene,bht."
Bioderma Sensibio DS+,"krem przeciw podrażnieniom, zmiękczający i wygładzający naskórek, 40 ml",5,87.99,87.99,/bioderma-krem-przeciw-podraznieniom-zmiekczajacy-wygladzajacy-naskorek-40ml-000000000000225298.html,Nawilżające,"AQUA/WATER/EAU, COCOS NUCIFERA (COCONUT) OIL, PROPYLENE GLYCOL, CAPRYLIC/CAPRIC TRIGLYCERIDE, DIMETHICONE, GLYCYRRHETINIC ACID, SORBITAN SESQUIOLEATE, PIROCTONE OLAMINE, GLYCERYL UNDECYLENATE, CLIMBAZOLE, MANNITOL, XYLITOL, RHAMNOSE, FRUCTOOLIGOSACCHARIDES, LAMINARIA OCHROLEUCA EXTRACT, CETYL ALCOHOL, CARBOMER, SCLEROTIUM GUM, SODIUM HYDROXIDE, PHENOXYETHANOL. [BI 488V2]",4.8,40.0,219.98,219.98,Bioderma,0.0,"water,water,eau, coco nucifera (coconut) oil, propylene glycol, caprylic,capric triglyceride, dimethicone, glycyrrhetinic acid, sorbitan sesquioleate, piroctone olamine, glyceryl undecylenate, climbazole, mannitol, xylitol, rhamnose, fructooligosaccharides, laminaria ochroleuca extract, cetyl alcohol, carbomer, sclerotium gum, sodium hydroxide, phenoxyethanol., bi 488v2 ]"
L'Oréal Paris Hyaluron Specialist,"krem maska do twarzy na noc, 50 ml",19,25.29,38.99,/loreal-paris-krem-maska-do-twarzy-na-noc-50-ml-000000000000368104.html,"Nawilżające,
Przeciwstarzeniowe,
Ujędrniające",909035 7 - INGREDIENTS: AQUA / WATER • GLYCERIN • ISOHEXADECANE • DIMETHICONE • ISOPROPYL ISOSTEARATE • ALUMINUM STARCH OCTENYLSUCCINATE • PROPYLENE GLYCOL • NYLON-12 • OCTYLDODECANOL • CETYL ALCOHOL • BEHENYL ALCOHOL • ADENOSINE • CAPRYLOYL SALICYLIC ACID • DISODIUM EDTA • SODIUM HYALURONATE • TRIETHANOLAMINE • CAPRYLYL GLYCOL • CETEARYL ALCOHOL • CETEARYL GLUCOSIDE • DISODIUM STEAROYL GLUTAMATE • MYRISTIC ACID • PALMITIC ACID • PEG-100 STEARATE • POLYETHYLENE • SODIUM POLYACRYLATE • STEARIC ACID • XANTHAN GUM • ALPHA-ISOMETHYL IONONE • BENZYL ALCOHOL • CITRAL • CITRONELLOL • GERANIOL • LIMONENE • LINALOOL • PHENOXYETHANOL • PARFUM / FRAGRANCE (F.I.L. B231305/1).,4.6,50.0,77.98,50.58,L'Oréal Paris,35.13721467042832,"909035 7 - ingredient: water,water,glycerin,isohexadecane,dimethicone,isopropyl isostearate,aluminum starch octenylsuccinate,propylene glycol,nylon-12,octyldodecanol,cetyl alcohol,behenyl alcohol,adenosine,capryloyl salicylic acid,disodium edta,sodium hyaluronate,triethanolamine,caprylyl glycol,cetearyl alcohol,cetearyl glucoside,disodium stearoyl glutamate,myristic acid,palmitic acid,peg-100 stearate,polyethylene,sodium polyacrylate,stearic acid,xanthan gum,alpha - isomethyl ionone,benzyl alcohol,citral,citronellol,geraniol,limonene,linalool,phenoxyethanol,parfum,fragrance (f.i.l.b231305/1)."
Ava Aktywator Młodości,"przeciwzmarszczkowy krem do twarzy, 50 ml",9,35.99,35.99,/ava-przeciwzmarszczkowy-krem-do-twarzy-50-ml-000000000000401338.html,przeciwzmarszczkowy,"Aqua, Glycerin, Glycine Soja Oil, Cocos Nucifera Oil, Glyceryl Stearate, Cetearyl Alcohol, Hydrogenated Vegetable Oil, Gossypium Herbaceum Seed Oil, Olea Europaea Fruit Oil, Hydrogenated Ethylhexyl Olivate, Ceteareth-20, Sodium Ascorbyl Phosphate, Aloe Barbadensis Leaf Extract, Althaea Officinalis Root Extract, Retinyl Palmitate, Malpighia Glabra Fruit Extract, Cetyl Alcohol, Polymethyl Methacrylate, Ceteareth-12, Cetyl Palmitate, Citric Acid, Zea Mays Starch, Tricaprylin, Hydrogenated Olive Oil Unsaponifiables, Sodium Phytate, Tocopherol, Phenoxyethanol, Ethylhexylglycerin, BHT, Sodium Benzoate, Potassium Sorbate, Parfum",4.8,50.0,71.98,71.98,Ava,0.0,"water, glycerin, glycine soja oil, cocos nucifera oil, glyceryl stearate, cetearyl alcohol, hydrogenated vegetable oil, gossypium herbaceum seed oil, olea europaea fruit oil, hydrogenate ethylhexyl olivate, ceteareth-20, sodium ascorbyl phosphate, aloe barbadensis leaf extract, althaea officinalis root extract, retinyl palmitate, malpighia glabra fruit extract, cetyl alcohol, polymethyl methacrylate, ceteareth-12, cetyl palmitate, citric acid, zea mays starch, tricaprylin, hydrogenate olive oil unsaponifiable, sodium phytate, tocopherol, phenoxyethanol, ethylhexylglycerin, bht, sodium benzoate, potassium sorbate, parfum"
Pureheals Propolis 80,"nawilżająco-łagodzący krem do twarzy z propolisem 80%, 50 ml",115,99.99,99.99,/pureheals-lagodzacy-krem-do-twarzy-z-propolisem-80-50ml-000000000000310313.html,nawilżający,"PROPOLIS EXTRACT, GLYCERIN, ALOE BARBADENSIS LEAF EXTRACT, BUTYLENE GLYCOL, NIACINAMIDE, ISOPROPYL MYRISTATE, MACADAMIA TERNIFOLIA SEED OIL, ARGANIA SPINOSA KERNEL OIL, OLEA EUROPAEA FRUIT OIL, POLYSORBATE 60, AQUA, CERA ALBA, SODIUM POLYACRYLATE, BENZYL ALCOHOL, 1,2-HEXANEDIOL, AMMONIUM ACRYLOYL DIMETHYLTAURATE/CARBOXYETHYL ACRYLATE CROSSPOLYMER, CAPRYLYL GLYCOL, POLYACRYLAMIDE, ILLICIUM VERUM FRUIT EXTRACT, ADENOSINE, DEHYDROACETIC ACID, ISOPROPYL PALMITATE, DISODIUM EDTA, C13-14 ISOPARAFFIN, LAURETH-7, CARTHAMUS TINCTORIUS SEED OIL, LIMNANTHES ALBA SEED OIL, D-LIMONENE, GLYCYRRHIZA GLABRA ROOT EXTRACT, T-BUTYL ALCOHOL, CITRUS AURANTIUM DULCIS OIL, CITRUS LIMON FRUIT OIL, LAVANDULA ANGUSTIFOLIA OIL, HONEY EXTRACT, PELARGONIUM GRAVEOLENS FLOWER OIL, LECITHIN, CYMBOPOGON SCHOENANTHUS OIL, MELALEUCA ALTERNIFOLIA LEAF OIL, VETIVERIA ZIZANOIDES ROOT OIL, CARAMEL, LINALOOL, ELETTARIA CARDAMOMUM SEED OIL, EUGENIA CARYOPHYLLUS LEAF OIL, MENTHA ARVENSIS LEAF OIL, THYMUS VULGARIS FLOWER/LEAF OIL, CITRAL, CITRONELLOL, EUGENOL, ROSE FLOWER OIL, TAGETES MINUTA FLOWER OIL, GERANIOL, PHENOXYETHANOL, CERAMIDE NP, METHYLPARABEN, TOCOPHERYL ACETATE, PEG-40 HYDROGENATED CASTOR OIL, PPG-26-BUTETH-26, ETHYLPARABEN, TRIETHANOLAMINE, COPPER TRIPEPTIDE-1, CITRIC ACID, ACETYL HEXAPEPTIDE-8, PALMITOYL PENTAPEPTIDE-4, FARNESOL, ISOEUGENOL",4.5,50.0,199.98,199.98,Pureheals,0.0,"propolis extract, glycerin, aloe barbadensis leaf extract, butylene glycol, niacinamide, isopropyl myristate, macadamia ternifolia seed oil, argania spinosa kernel oil, oleum europaea fruit oil, polysorbate 60, water, cera alba, sodium polyacrylate, benzyl alcohol, 1,2 - hexanediol, ammonium acryloyl dimethyltaurate,carboxyethyl acrylate crosspolymer, caprylyl glycol, polyacrylamide, illicium verum fruit extract, adenosine, dehydroacetic acid, isopropyl palmitate, disodium edta, c13 - 14 isoparaffin, laureth-7, carthamus tinctoriu seed oil, limnanthes alba seed oil, d - limonene, glycyrrhiza glabra root extract, t - butyl alcohol, citrus aurantium dulcis oil, citrus limon fruit oil, lavandula angustifolia oil, honey extract, pelargonium graveolens flower oil, lecithin, cymbopogon schoenanthus oil, melaleuca alternifolia leaf oil, vetiveria zizanoides root oil, caramel, linalool, elettaria cardamomum seed oil, eugenia caryophyllus leaf oil, mentha arvensis leaf oil, thymus vulgaris flower,leaf oil, citral, citronellol, eugenol, rose flower oil, tagete minuta flower oil, geraniol, phenoxyethanol, ceramide np, methylparaben, tocopheryl acetate, peg-40 hydrogenated castor oil, ppg-26 - buteth-26, ethylparaben, triethanolamine, copper tripeptide-1, citric acid, acetyl hexapeptide-8, palmitoyl pentapeptide-4, farnesol, isoeugenol"
La Roche-Posay Nutritic Intense,"intensywna pielęgnacja odżywczo-regenerująca, 50 ml",6,109.99,109.99,/la-roche-posay-intensywna-pielegnacja-odzywczo-regenerujaca-50ml-000000000000241971.html,odżywczy,"609676 12
AQUA / WATER
PARAFFINUM LIQUIDUM / MINERAL OIL
GLYCERIN
DIMETHICONE
ISOCETYL STEARATE
HYDROGENATED POLYISOBUTENE
BUTYROSPERMUM PARKII BUTTER / SHEA BUTTER
CERA ALBA / BEESWAX
CETYL ALCOHOL
GLYCERYL STEARATE
PEG-100 STEARATE
CERA CARNAUBA / CARNAUBA WAX
CERA MICROCRISTALLINA / MICROCRYSTALLINE WAX
PARAFFIN
SORBITAN TRISTEARATE
DIMETHICONOL
ISOHEXADECANE
SODIUM HYALURONATE
SODIUM HYDROXIDE
ARGININE PCA
SERINE
DISODIUM EDTA
PROPYLENE GLYCOL
HYDROLYZED LINSEED EXTRACT
HYDROXYPROPYL TETRAHYDROPYRANTRIOL
ACETYL DIPEPTIDE-1 CETYL ESTER
XANTHAN GUM
POLYSORBATE 80
ACRYLAMIDE/SODIUM ACRYLOYLDIMETHYLTAURATE COPOLYMER
ACRYLATES COPOLYMER
PENTAERYTHRITYL TETRA-DI-T-BUTYL HYDROXYHYDROCINNAMATE
SODIUM BENZOATE
PHENOXYETHANOL
BENZOIC ACID
PARFUM / FRAGRANCE",5.0,50.0,219.98,219.98,La Roche-Posay,0.0,"609676 12 
 water,water 
 paraffinum liquidum,mineral oil 
 glycerin 
 dimethicone 
 isocetyl stearate 
 hydrogenate polyisobutene 
 butyrospermum parkii butter,shea butter 
 cera alba,beeswax 
 cetyl alcohol 
 glyceryl stearate 
 peg-100 stearate 
 cera carnauba,carnauba wax 
 cera microcristallina,microcrystalline wax 
 paraffin 
 sorbitan tristearate 
 dimethiconol 
 isohexadecane 
 sodium hyaluronate 
 sodium hydroxide 
 arginine pca 
 serine 
 disodium edta 
 propylene glycol 
 hydrolyzed linseed extract 
 hydroxypropyl tetrahydropyrantriol 
 acetyl dipeptide-1 cetyl ester 
 xanthan gum 
 polysorbate 80 
 acrylamide,sodium acryloyldimethyltaurate copolymer 
 acrylate copolymer 
 pentaerythrityl tetra - di - t - butyl hydroxyhydrocinnamate 
 sodium benzoate 
 phenoxyethanol 
 benzoic acid 
 parfum,fragrance"
Dermika Luxury Placenta,"wygładzający krem do twarzy 50+, 50 ml",5,57.39,79.99,/dermika-wygladzajacy-krem-do-twarzy-50-50-ml-000000000000412113.html,Wygładzające,"Aqua,Prunus Amygdalus Dulcis Oil,Decyl Oleate,Polyglyceryl-3 Dicitrate/Stearate,Butyrospermum Parkii Butter,Cetearyl Alcohol,Glyceryl Stearate,Hydrogenated Ethylhexyl Olivate,Pentaerythrityl Distearate,Jojoba Esters,Caprylic/Capric Triglyceride,Helianthus Annuus Seed Wax,Glycine Soja Phytoplacenta Extract,Prunus Amygdalus Dulcis Seed Extract,Glycine Soja Oil,Hydrogenated Olive Oil Unsaponifiables,Acacia Decurrens Flower Wax,Tocopherol,Beta-Sitosterol,Argania Spinosa Callus Culture Extract,Lecithin,Hydrogenated Vegetable Glycerides Citrate,Butylene Glycol,Isomalt,Polyglycerin-3,Dimethicone,Sodium Stearoyl Glutamate,Polyacrylate Crosspolymer-6,Caprylyl Glycol,Ethylhexylglycerin,Citric Acid,Squalene,Phenoxyethanol,Parfum,Hexyl Cinnamal,Benzyl Salicylate,Linalool,Alpha Isomethyl Ionone,Hydroxycitronellal,Limonene,Citronellol,Coumarin,Cl 16255,CI 60730",3.6,50.0,159.98,114.78,Dermika,28.253531691461426,"water, prunus amygdalus dulcis oil, decyl oleate, polyglyceryl-3 dicitrate,stearate, butyrospermum parkii butter, cetearyl alcohol, glyceryl stearate, hydrogenated ethylhexyl olivate, pentaerythrityl distearate, jojoba esters, caprylic,capric triglyceride, helianthus annuus seed wax, glycine soja phytoplacenta extract, prunus amygdalus dulcis seed extract, glycine soja oil, hydrogenated olive oil unsaponifiables, acacia decurrens flower wax, tocopherol, beta - sitosterol, argania spinosa callus culture extract, lecithin, hydrogenated vegetable glycerides citrate, butylene glycol, isomalt, polyglycerin-3,dimethicone, sodium stearoyl glutamate, polyacrylate crosspolymer-6,caprylyl glycol, ethylhexylglycerin, citric acid, squalene, phenoxyethanol, parfum, hexyl cinnamal, benzyl salicylate, linalool, alpha isomethyl ionone, hydroxycitronellal, limonene, citronellol, coumarin, cl 16255,ci 60730"
Tołpa Authentic,"rozświetlający krem do twarzy, 40 ml",7,43.99,43.99,/tolpa-rozswietlajacy-krem-do-twarzy-40-ml-000000000000387101.html,"Nawilżające,
Rozświetlające,
Uelastyczniające","Aqua, Coco-Caprylate, Hydroxypropyl Starch Phosphate, Cetearyl Alcohol, Peat Extract, Cetearyl Olivate, Sorbitan Olivate, Phytic Acid, Sodium Hydroxide, Tocopherol, Methylpropanediol, Caprylyl Glycol, Benzoic Acid.",3.7,40.0,109.98,109.98,Tołpa,0.0,"water, coco - caprylate, hydroxypropyl starch phosphate, cetearyl alcohol, peat extract, cetearyl olivate, sorbitan olivate, phytic acid, sodium hydroxide, tocopherol, methylpropanediol, caprylyl glycol, benzoic acid."
Nacomi Dermo,"nawilżający krem do twarzy, 50 ml",37,21.59,35.99,/nacomi-nawilzajacy-krem-do-twarzy-50-ml-000000000000424298.html,nawilżający,"INCI: Aqua, Propanediol, Cetyl Alcohol, Persea Gratissima Oil, Caprylic/Capric Triglyceride, Cetearyl Alcohol, Glyceryl Stearate, Butyrospermum Parkii Butter, Niacinamide, Prunus Amygdalus Dulcis Oil, Shorea Stenoptera Seed Butter, Tocopheryl Acetate, Sorbitol, Stearic Acid, Adansonia Digitata Seed Oil, Serine, Algin, Pullulan, Trehalose, Urea, Allantoin, Olea Europaea Fruit Oil, Ascorbyl Palmitate, Phytosterols, Hyaluronic Acid, Sodium Hyaluronate, Hydrolyzed Hyaluronic Acid, Sodium Hyaluronate Crosspolymer, Hydrolyzed Glycosaminoglycans, Lactic Acid, Glycerin, Ethylhexylglycerin, Raspberry Ketone, Sorbitan Oleate, Benzyl Glycol, Caprylyl Glycol, Disodium Phosphate, Polyglyceryl-3 PCA, Pentylene Glycol, Glyceryl Polyacrylate, Parfum, Potassium Phosphate, Sodium Lauroyl Glutamate, Dehydroacetic Acid, Benzyl Alcohol.",4.0,50.0,71.98,43.18,Nacomi,40.01111419838844,"inci: water, propanediol, cetyl alcohol, persea gratissima oil, caprylic,capric triglyceride, cetearyl alcohol, glyceryl stearate, butyrospermum parkii butter, niacinamide, prunus amygdalus dulcis oil, shorea stenoptera seed butter, tocopheryl acetate, sorbitol, stearic acid, adansonia digitata seed oil, serine, algin, pullulan, trehalose, urea, allantoin, olea europaea fruit oil, ascorbyl palmitate, phytosterol, hyaluronic acid, sodium hyaluronate, hydrolyzed hyaluronic acid, sodium hyaluronate crosspolymer, hydrolyzed glycosaminoglycans, lactic acid, glycerin, ethylhexylglycerin, raspberry ketone, sorbitan oleate, benzyl glycol, caprylyl glycol, disodium phosphate, polyglyceryl-3 pca, pentylene glycol, glyceryl polyacrylate, parfum, potassium phosphate, sodium lauroyl glutamate, dehydroacetic acid, benzyl alcohol."
Bielenda Kuracja Młodości,"regenerujący krem przeciwzmarszczkowy do twarzy na dzień i noc 60+, 50 ml",8,16.79,23.99,/bielenda-60-regenerujacy-krem-przeciwzmarszczkowy-na-dzien-noc-50ml-000000000000322548.html,regenerujący,"Aqua (Water),Squalane,Ethylhexyl Stearate,Sorbitan Stearate,Glycerin,Cetearyl Ethylhexanoate,Cetearyl Alcohol,Glyceryl Stearate,Orbignya Oleifera (Babassu) Seed Oil,Butyrospermum Parkii (Shea) Butter,Macadamia Integrifolia Seed Oil,Tocopheryl Acetate,Sorbitol,Snail Secretion Filtrate,Gold (nano),Palmitoyl Tripeptide-5,Sorbityl Laurate,Disodium EDTA,Xanthan Gum,Dimethicone,Ethylhexylglycerin,Benzyl Alcohol,Phenoxyethanol,Parfum (Fragrance),Limonene,Linalool",4.9,50.0,47.98,33.58,Bielenda,30.012505210504376,"water (water),squalane, ethylhexyl stearate, sorbitan stearate, glycerin, cetearyl ethylhexanoate, cetearyl alcohol, glyceryl stearate, orbignya oleifera (babassu) seed oil, butyrospermum parkii (shea) butter, macadamia integrifolia seed oil, tocopheryl acetate, sorbitol, snail secretion filtrate, gold (nano),palmitoyl tripeptide-5,sorbityl laurate, disodium edta, xanthan gum, dimethicone, ethylhexylglycerin, benzyl alcohol, phenoxyethanol, parfum (fragrance),limonene, linalool"
Orientana Kumkumadi,"bogaty krem do twarzy z szafranem, 30 g",7,24.49,34.99,/orientana-bogaty-krem-do-twarzy-z-szafranem-30-g-000000000000361011.html,"Kojące,
Nawilżające,
Odżywcze,
Pielęgnujące,
Regenerujące,
Wygładzające,
Zmiękczające","Aqua, Glyceryl Stearate Se, Butyrospermum Parkii Butter, Withania Somnifera Root Extract, Curcuma Longa Rhizome Extract, Stearic Acid, Aloe Barbadensis Extract, Prunus Amygdalus Dulcis Oil, Sesamum Indicum Seed Oil, Glyceryl Caprylate, Cetyl Alcohol, Beeswax, Isopropyl Myristate, Glycyrrhiza Glabra Root Extract, Crocus Sativus Flower Extract, Theobroma Cacao Butter, Garcinia Indica Seed Butter, Rubia Cordifolia Root Extract, Triticum Vulgare Germ Oil, Tocopherol, Simmondsia Chinensis Seed Oil, Santalum Album Oil, Shellac, Vetriveria Zizanoides Extract, Vitis Vinifera Seed Oil, Citric Acid, Sodium Benzoate, Potassium Sorbate.",4.0,30.0,116.63,81.63,Orientana,30.00857387825094,"water, glyceryl stearate se, butyrospermum parkii butter, withania somnifera root extract, curcuma longa rhizome extract, stearic acid, aloe barbadensis extract, prunus amygdalus dulcis oil, sesamum indicum seed oil, glyceryl caprylate, cetyl alcohol, beeswax, isopropyl myristate, glycyrrhiza glabra root extract, crocus sativus flower extract, theobroma cacao butter, garcinia indica seed butter, rubia cordifolia root extract, triticum vulgare germ oil, tocopherol, simmondsia chinensis seed oil, santalum album oil, shellac, vetriveria zizanoides extract, vitis vinifera seed oil, citric acid, sodium benzoate, potassium sorbate."
Bandi Sebo Care,"ochronny krem nawilżający do twarzy SPF20, 50 ml",34,59.99,59.99,/bandi-ochronny-krem-nawilzajacy-spf-20-50ml-000000000000295326.html,nawilżający,"Aqua/Water, Ethylhexyl Methoxycinnamate, Shea Butter Ethyl Esters, Diethylamino Hydroxybenzoyl Hexyl Benzoate, Propylene Glycol, Panthenol, Methyl Methacrylate Crosspolymer, Glyceryl Stearate, Hyaluronic Acid, Saccharomyces Lysate Extract, Tocopheryl Acetate, Lactobacillus Ferment, Sodium Acrylate/Sodium Acryloyldimethyl Taurate Copolymer, Polysorbate 80, Isohexadecane, Acrylates/C10-30 Alkyl Acrylate Crosspolymer, Triethanolamine, Disodium EDTA, Sorbitan Oleate, BHT, Parfum/Fragrance, Phenoxyethanol, Ethylhexylglycerin, Alpha-Isomethyl Ionone, Limonene, Hydroxycitronellal",4.3,50.0,119.98,119.98,Bandi,0.0,"water,water, ethylhexyl methoxycinnamate, shea butter ethyl esters, diethylamino hydroxybenzoyl hexyl benzoate, propylene glycol, panthenol, methyl methacrylate crosspolymer, glyceryl stearate, hyaluronic acid, saccharomyce lysate extract, tocopheryl acetate, lactobacillus ferment, sodium acrylate,sodium acryloyldimethyl taurate copolymer, polysorbate 80, isohexadecane, acrylates,c10 - 30 alkyl acrylate crosspolymer, triethanolamine, disodium edta, sorbitan oleate, bht, parfum,fragrance, phenoxyethanol, ethylhexylglycerin, alpha - isomethyl ionone, limonene, hydroxycitronellal"
Ziaja med,"krem do cery naczynkowej na noc, 50 ml",6,19.99,19.99,/ziaja-med-krem-do-cery-naczynkowej-na-noc-50-ml-000000000000249921.html,Wzmacniające naczynka,"Aqua (Water),Caprylic/Capric Triglyceride,Cetearyl Ethylhexanoate,Glycerin,Cetearyl Glucoside,Cetearyl Alcohol,Elaeis Guineensis (Palm) Oil,Hydrogenated Coco-Glycerides,Aluminum Starch Octenylsuccinate,Prunus Amygdalus Dulcis (Sweet Almond) Seed Extract,Canola Oil,Dimethicone,Glyceryl Stearate,Glyceryl Stearate Citrate,Sodium Acrylate/Sodium Acryloyldimethyl Taurate Copolymer,Isohexadecane,Polysorbate 80,Troxerutin,Panthenol,Tocopheryl Acetate,Escin,Propylene Glycol,Sodium Polyacrylate,PEG-8,Tocopherol,Ascorbyl Palmitate,Ascorbic Acid,Citric Acid,Methylparaben,Diazolidinyl Urea",5.0,50.0,39.98,39.98,Ziaja,0.0,"water (water),caprylic,capric triglyceride, cetearyl ethylhexanoate, glycerin, cetearyl glucoside, cetearyl alcohol, elaeis guineensis (palm) oil, hydrogenated coco - glycerides, aluminum starch octenylsuccinate, prunus amygdalus dulcis (sweetalmond) seed extract, canola oil, dimethicone, glyceryl stearate, glyceryl stearate citrate, sodium acrylate,sodium acryloyldimethyl taurate copolymer, isohexadecane, polysorbate 80,troxerutin, panthenol, tocopheryl acetate, escin, propylene glycol, sodium polyacrylate, peg-8,tocopherol, ascorbyl palmitate, ascorbic acid, citric acid, methylparaben, diazolidinyl urea"
Revox Just,"serum do twarzy z witaminą C 2%, 30 ml",7,24.49,34.99,/revox-serum-do-twarzy-z-witamina-c-2-30-ml-000000000000386885.html,Rozjaśniające,"Water / Aqua, Cetearyl Alcohol, Glycerin, Glyceryl Stearate, Isopropyl Myristate, Ethylhexyl Stearate, Ceteareth-20, Vitamin C / Sodium Ascorbyl Phosphate, Olive Oil / Olea Europaea Fruit Oil, Allantoin, Phenoxyethanol, Octadecyl Di-t-butyl-4-hydroxyhydrocinnamate, Dimethicone, Disodium EDTA.",5.0,30.0,116.63,81.63,Revox,30.00857387825094,"water,water, cetearyl alcohol, glycerin, glyceryl stearate, isopropyl myristate, ethylhexyl stearate, ceteareth-20, vitamin c,sodium ascorbyl phosphate, olive oil,olea europaea fruit oil, allantoin, phenoxyethanol, octadecyl di - t - butyl-4 - hydroxyhydrocinnamate, dimethicone, disodium edta."
Teaology Face Care,"przeciwzmarszczkowy krem pod oczy, 15 ml",6,89.99,139.99,/teaology-krem-pod-oczy-15ml-000000000000303081.html,przeciwzmarszczkowy,"AQUA, DICAPRYLYL ETHER, COCO-CAPRYLATE, GLYCERYL DIBEHENATE, ISOSTEARYL ISOSTEARATE, POLYGLYCERYL-2 DIPOLYHYDROXYSTEARATE, PROPANEDIOL, RICINUS COMMUNIS SEED OIL, GLYCERYL OLEATE, DISTEARDIMONIUM HECTORITE, POLYGLYCERYL-4 ISOSTEARATE, PHENOXYETHANOL, GLYCERIN, ETHYLHEXYLGLYCERIN, MAGNESIUM SULFATE, HELIANTHUS ANNUUS SEED OIL, BUTYLENE GLYCOL, ALBIZIA JULIBRISSIN BARK EXTRACT, CAMELLIA SINENSIS LEAF, ALCOHOL, LECITHIN, PHYTIC ACID, SODIUM HYALURONATE, ISOPROPYL MYRISTATE, ESCIN, ASCOPHYLLUM NODOSUM EXTRACT, PANAX GINSENG ROOT EXTRACT, MAGNOLIA BIONDII BUD/FLOWER EXTRACT, TRITICUM VULGARE GERM OIL, NATTO GUM, BENZYL ALCOHOL, CAFFEINE, POTASSIUM PHOSPHATE, BHT.",4.8,15.0,933.27,599.93,Teaology,35.716836916922645,"water, dicaprylyl ether, coco - caprylate, glyceryl dibehenate, isostearyl isostearate, polyglyceryl-2 dipolyhydroxystearate, propanediol, ricinus communis seed oil, glyceryl oleate, disteardimonium hectorite, polyglyceryl-4 isostearate, phenoxyethanol, glycerin, ethylhexylglycerin, magnesium sulfate, helianthus annuus seed oil, butylene glycol, albizia julibrissin bark extract, camellia sinensis leaf, alcohol, lecithin, phytic acid, sodium hyaluronate, isopropyl myristate, escin, ascophyllum nodosum extract, panax ginseng root extract, magnolia biondii bud,flower extract, triticum vulgare germ oil, natto gum, benzyl alcohol, caffeine, potassium phosphate, bht."
The Saem Eco Earth,"krem przeciwsłoneczny do twarzy z SPF50+, 50 ml",10,69.99,69.99,/the-saem-krem-przeciwsloneczny-do-twarzy-z-spf50-50-ml-000000000000427679.html,ochrona UV,"Water, Butyloctyl Salicylate, Ethylhexyl Salicylate, Dibutyl Adipate, Propanediol, Butylene Glycol,Diethylamino Hydroxybenzoyl Hexyl Benzoate, Titanium Dioxide, Bis-EthylhexyloxyphenolMethoxyphenyl Triazine, C12-15 Alkyl Benzoate, Niacinamide, Ethylhexyl Triazone, 1,2-Hexanediol, Polyglyceryl-2 Stearate, Aluminum Hydroxide, Methyl Methacrylate Crosspolymer,Glyceryl Stearate, Stearic Acid, Stearyl Alcohol, Polyglyceryl-6 Polyricinoleate, SodiumPolyacrylate, Parfum (Fragrance), Ethylhexyl Stearate, Behenyl Alcohol, AmmoniumAcryloyldimethyltaurate/VP Copolymer, Caprylyl Glycol, Adenosine, Ethylhexylglycerin,Trideceth-6, Xanthan Gum, Betula Platyphylla Japonica Juice, Moringa Oleifera Seed Oil,Centella Asiatica Extract, Epilobium Angustifolium Extract, Portulaca Oleracea Extract,Chamomilla Recutita (Matricaria) Flower Extract, Vitex Agnus-Castus Extract, Betula Alba LeafExtract, Maltodextrin, Helianthus Annuus (Sunflower) Seed Oil, Hydrolyzed Acacia MacrostachyaSeed Extract, Lepidium Meyenii Root Extract, Hydrolyzed Vegetable Protein, CalendulaOfficinalis Flower Extract",4.9,50.0,139.98,139.98,The Saem,0.0,"water, butyloctyl salicylate, ethylhexyl salicylate, dibutyl adipate, propanediol, butylene glycol, diethylamino hydroxybenzoyl hexyl benzoate, titanium dioxide, bis - ethylhexyloxyphenolmethoxyphenyl triazine, c12 - 15 alkyl benzoate, niacinamide, ethylhexyl triazone, 1,2 - hexanediol, polyglyceryl-2 stearate, aluminum hydroxide, methyl methacrylate crosspolymer, glyceryl stearate, stearic acid, stearyl alcohol, polyglyceryl-6 polyricinoleate, sodiumpolyacrylate, parfum (fragrance), ethylhexyl stearate, behenyl alcohol, ammoniumacryloyldimethyltaurate,vp copolymer, caprylyl glycol, adenosine, ethylhexylglycerin, trideceth-6, xanthan gum, betula platyphylla japonica juice, moringa oleifera seed oil, centella asiatica extract, epilobium angustifolium extract, portulaca oleracea extract, chamomilla recutita (matricaria) flower extract, vitex agnus - castus extract, betula alba leafextract, maltodextrin, helianthus annuus (sunflower) seed oil, hydrolyze acacia macrostachyaseed extract, lepidium meyenii root extract, hydrolyzed vegetable protein, calendulaofficinalis flower extract"
Ducray Keracnyl PP+,"krem kojący przeciw niedoskonałościom, 30 ml",6,89.99,89.99,/ducray-krem-kojacy-przeciw-niedoskonalosciom-30-ml-000000000000371796.html,Regenerujące,WATER (AQUA). CAPRYLIC/CAPRIC TRIGLYCERIDE. CETEARYL ALCOHOL. ISOHEXADECANE. NIACINAMIDE. PENTYLENE GLYCOL. BUTYLENE GLYCOL. GLYCERINE. OCTYLDODECANOL. ORYZA SATIVA (RICE) STARCH (ORYZA SATIVA STARCH). POLYMETHYL METHACRYLATE. BENZOIC ACID. BUTYROSPERMUM PARKII (SHEA) BUTTER (BUTYROSPERMUM PARKII BUTTER). CETEARYL GLUCOSIDE. DICAPRYLYL CARBONATE. DISODIUM PHOSPHATE. GLYCERYL LAURATE. MYRTUS COMMUNIS LEAF EXTRACT. POLYACRYLATE-13. POLYISOBUTENE. POLYSORBATE 20. POTASSIUM PHOSPHATE. SODIUM CETEARYL SULFATE. SODIUM HYDROXIDE. SORBITAN ISOSTEARATE. STEARYL GLYCYRRHETINATE. TOCOPHEROL. TRIPTERYGIUM WILFORDII CALLUS EXTRACT. XANTHAN GUM.,4.8,30.0,299.97,299.97,Ducray,0.0,"water (water). caprylic,capric triglyceride. cetearyl alcohol. isohexadecane. niacinamide. pentylene glycol. butylene glycol. glycerine. octyldodecanol. oryza sativa (rice) starch (oryzasativastarch). polymethyl methacrylate. benzoic acid. butyrospermum parkii (shea) butter (butyrospermumparkiibutter). cetearyl glucoside. dicaprylyl carbonate. disodium phosphate. glyceryl laurate. myrtus communis leaf extract. polyacrylate-13. polyisobutene. polysorbate 20. potassium phosphate. sodium cetearyl sulfate. sodium hydroxide. sorbitan isostearate. stearyl glycyrrhetinate. tocopherol. tripterygium wilfordii callus extract. xanthan gum."
La Roche-Posay Effaclar K (+),"odnawiający krem do skóry tłustej, 40 ml",16,89.99,89.99,/la-roche-posay-odnawiajacy-krem-do-skory-tlustej-40-ml-000000000000359705.html,Antybakteryjne,"AQUA / WATER
PROPYLENE GLYCOL
OCTYLDODECANOL
DIMETHICONE
PEG-100 STEARATE
GLYCERYL STEARATE
SALICYLIC ACID
AMMONIUM POLYACRYLDIMETHYLTAURAMIDE / AMMONIUM POLYACRYLOYLDIMETHYL TAURATE
ZINC PCA
SARCOSINE
SODIUM HYDROXIDE
SILICA
SILICA SILYLATE
PERLITE
CARNOSINE
DISODIUM EDTA
CAPRYLOYL SALICYLIC ACID
XANTHAN GUM
PENTYLENE GLYCOL
ACRYLATES COPOLYMER
CETYL ALCOHOL
BUTYLENE GLYCOL
TOCOPHEROL
PARFUM / FRAGRANCE",4.9,40.0,224.97,224.97,La Roche-Posay,0.0,", 
 propylene glycol 
 octyldodecanol 
 dimethicone 
 peg-100 stearate 
 glyceryl stearate 
 salicylic acid 
 ammonium polyacryldimethyltauramide,ammonium polyacryloyldimethyl taurate 
 zinc pca 
 sarcosine 
 sodium hydroxide 
 silica 
 silica silylate 
 perlite 
 carnosine 
 disodium edta 
 capryloyl salicylic acid 
 xanthan gum 
 pentylene glycol 
 acrylate copolymer 
 cetyl alcohol 
 butylene glycol 
 tocopherol 
 parfum,fragrance"
Bielenda Only For Men Barber,"krem nawilżający do twarzy, 50 ml",6,12.89,21.49,/bielenda-krem-nawilzajacy-do-twarzy-50-ml-000000000000405220.html,nawilżający,"Aqua (Water),Ethylhexyl Stearate,Caprylic/Capric Triglyceride,Glycerin,Cetearyl Alcohol,Glyceryl Stearate,Isoamyl Laurate,Ethyl Oleate,Persea Gratissima (Avocado) Oil,Panthenol,Magnesium Chloride,Cannabis Sativa (Hemp) Seed Oil,Humulus Lupulus (Hops) Extract,Boswellia Serrata Gum,Cannabis Sativa (Hemp) Stem Extract,Ceramide NP,Menthol,Caffeine,3-O-Ethyl Ascorbic Acid,Cannabis Sativa (Hemp) Leaf Extract,Plukenetia Volubilis Seed Oil,Olea Europea (Olive) Fruit Oil,Hydrolyzed Caesalpinia Spinosa Gum,Caesalpinia Spinosa Gum,Vegetable Oil,Polyglyceryl-10 Laurate,Dimethicone,Beta-Sitosterol,Squalene,Ascorbyl Palmitate,Glycine Soja (Soybean) Oil,Sodium Stearoyl Glutamate,Ammonium Acryloyldimethyltaurate VP Copolymer,Xanthan Gum,Tocopherol,Citric Acid,Caramel,Disodium EDTA,Ethylhexylglycerin,Dipropylene Glycol,Phenoxyethanol,Benzyl Alcohol,Potassium Sorbate,Sodium Benzoate,Parfum (Fragrance),Alpha-Isomethyl Ionone,Coumarin,Limonene,CI 19140,CI 14700",5.0,50.0,42.98,25.78,Bielenda,40.01861330851558,"water (water),ethylhexyl stearate, caprylic,capric triglyceride, glycerin, cetearyl alcohol, glyceryl stearate, isoamyl laurate, ethyl oleate, persea gratissima (avocado) oil, panthenol, magnesium chloride, cannabis sativa (hemp) seed oil, humulus lupulus (hops) extract, boswellia serrata gum, cannabis sativa (hemp) stem extract, ceramide np, menthol, caffeine,3 - o - ethyl ascorbic acid, cannabis sativa (hemp) leaf extract, plukenetia volubilis seed oil, olea europea (olive) fruit oil, hydrolyzed caesalpinia spinosa gum, caesalpinia spinosa gum, vegetable oil, polyglyceryl-10 laurate, dimethicone, beta - sitosterol, squalene, ascorbyl palmitate, glycine soja (soybean) oil, sodium stearoyl glutamate, ammonium acryloyldimethyltaurate vp copolymer, xanthan gum, tocopherol, citric acid, caramel, disodium edta, ethylhexylglycerin, dipropylene glycol, phenoxyethanol, benzyl alcohol, potassium sorbate, sodium benzoate, parfum (fragrance),alpha - isomethyl ionone, coumarin, limonene, ci 19140,ci 14700"
Miya Cosmetics MyWonderBalm,"krem do twarzy intensywnie nawilżający z olejkiem kokosowym, 75 ml",132,32.99,32.99,/miya-cosmetics-krem-do-twarzy-intensywnie-nawilzajacy-z-olejkiem-kokosowym-75ml-000000000000294704.html,nawilżający,"Aqua (Water)*,Sesamum Indicum (Sesame) Seed Oil*,Cocos Nucifera (Coconut) Oil*,Glycerin*,Caprylic/Capric Triglyceride*,Cetearyl Olivate*,Sorbitan Olivate*,Glyceryl Stearate SE*,Cetearyl Alcohol*,Phenoxyethanol,Panthenol,Tocopheryl Acetate,Sodium Polyacrylate,Xanthan Gum*,Ethylhexylglycerin,Sodium Phytate*,Alcohol*,Parfum (Fragrance),Benzyl Alcohol,Benzyl Benzoate,Coumarin,Alpha-Isomethyl Ionone,Benzyl Salicylate,Hexyl Cinnamalaldehyde,*składnik pochodzenia naturalnego",3.4,75.0,43.99,43.99,Miya Cosmetics,0.0,"water (water)*,sesamum indicum (sesame) seed oil*,cocos nucifera (coconut) oil*,glycerin*,caprylic,capric triglyceride*,cetearyl olivate*,sorbitan olivate*,glyceryl stearate se*,cetearyl alcohol*,phenoxyethanol, panthenol, tocopheryl acetate, sodium polyacrylate, xanthan gum*,ethylhexylglycerin, sodium phytate*,alcohol*,parfum (fragrance),benzyl alcohol, benzyl benzoate, coumarin, alpha - isomethyl ionone, benzyl salicylate, hexyl cinnamalaldehyde,*składnik pochodzenia naturalnego"
Facemania Snail Slime,"regenerujący krem do twarzy z ekstraktem ze śluzem ślimaka, 50 ml",23,27.99,39.99,/bodymania-krem-do-twarzy-50ml-000000000000352551.html,regenerujący,"Aqua, Glycerin, Butyrospermum Parkii Butter, Cetearyl Olivate, Caprylic/Capric Triglyceride, Vitis Vinifera Seed Oil, Snail Secretion Filtrate, Sorbitan Olivate, Glyceryl Stearate SE, Isononyl Isononanoate, Opuntia Ficus-Indica Fruit Extract, Panthenol, Tocopheryl Acetate, Ascorbic Acid, Parfum, Maltodextrin, Phenoxyethanol, Ethylhexylglycerin, Linalool, Alpha-Isomethyl Ionone, Limonene, Benzyl Salicylate, Hexyl Cinnamal, Geraniol.",4.200000000000001,50.0,79.98,55.98,Facemania,30.007501875468872,"water, glycerin, butyrospermum parkii butter, cetearyl olivate, caprylic,capric triglyceride, vitis vinifera seed oil, snail secretion filtrate, sorbitan olivate, glyceryl stearate se, isononyl isononanoate, opuntia ficus - indica fruit extract, panthenol, tocopheryl acetate, ascorbic acid, parfum, maltodextrin, phenoxyethanol, ethylhexylglycerin, linalool, alpha - isomethyl ionone, limonene, benzyl salicylate, hexyl cinnamal, geraniol."
Skin79 Magic,"wielofunkcyjny nawilżający krem do twarzy, 70 ml",5,114.99,114.99,/skin79-wielofunkcyjny-nawilzajacy-krem-do-twarzy-70-ml-000000000000304789.html,wielofunkcyjny,"Water,Dimethicone,Cyclopentasiloxane,Glycerin,Niacinamide,Dimethyl Sulfone,PEG-10 Dimethicone/Vinyl Dimethicone Crosspolymer,Hydroxyethyl Acrylate/Sodium Acryloyldimethyl Taurate Copolymer,Salvia Hispanica Seed Extract,Centella Asiatica Extract,Houttuynia Cordata Extract,1,2-Hexanediol,Cetearyl Dimethicone Crosspolymer,Squalane,Carbomer,Tromethamine,Polysorbate 20,Hydroxyethyl Urea,PEG-10 Dimethicone,Propanediol,Polysorbate 60,Gaultheria Procumbens (Wintergreen) Leaf Extract,Trehalose,Fructooligosaccharides,Saccharide Hydrolysate,Ethylhexylglycerin,Pullulan,Aloe Barbadensis Leaf Extract,Adenosine,Sorbitan Isostearate,Disodium EDTA,Dipotassium Glycyrrhizate,Lactic Acid,Betaine,Water,Sodium Hyaluronate,Butylene Glycol,Maltodextrin,Royal Jelly,Propolis Extract,Hydrolyzed Royal Jelly Protein,Pentylene Glycol,Madecassoside,Phenoxyethanol,Fragrance",5.0,70.0,164.27,164.27,Skin79,0.0,"water, dimethicone, cyclopentasiloxane, glycerin, niacinamide, dimethyl sulfone, peg-10 dimethicone,vinyl dimethicone crosspolymer, hydroxyethyl acrylate,sodium acryloyldimethyl taurate copolymer, salvia hispanica seed extract, centella asiatica extract, houttuynia cordata extract,1,2 - hexanediol, cetearyl dimethicone crosspolymer, squalane, carbomer, tromethamine, polysorbate 20,hydroxyethyl urea, peg-10 dimethicone, propanediol, polysorbate 60,gaultheria procumbens (wintergreen) leaf extract, trehalose, fructooligosaccharides, saccharide hydrolysate, ethylhexylglycerin, pullulan, aloe barbadensis leaf extract, adenosine, sorbitan isostearate, disodium edta, dipotassium glycyrrhizate, lactic acid, betaine, water, sodium hyaluronate, butylene glycol, maltodextrin, royal jelly, propolis extract, hydrolyzed royal jelly protein, pentylene glycol, madecassoside, phenoxyethanol, fragrance"
Ava Botanical Hitech,"liftingujący krem do twarzy na dzień, 50 ml",9,52.99,52.99,/ava-liftingujacy-krem-do-twarzy-na-dzien-50-ml-000000000000387161.html,"Liftingujące,
Napinające skórę,
Nawilżające,
Przeciwstarzeniowe,
Przeciwzmarszczkowe,
Ujędrniające","Aqua, Glycerin, Persea Gratissima Oil, Polyglyceryl-4 Laurate, Cetearyl Alcohol, Stearic Acid, Polyglyceryl-2 Stearate, Prunus Amygdalus Dulcis Oil, Polyglyceryl-6 Laurate, Octyldodecyl Oleate, Olus Oil, Macadamia Ternifolia Seed Oil, Glyceryl Stearate, Stizolophus Balsamita Flower Extract, Larix Gmelinii Wood Extract, Caulerpa Lentillifera Extract, Laminaria Hyperborea Extract, Squalene, Oleic Acid, Glycine Soja Oil, Coenochloris Signiensis Extract, Phospholipids, Maltodextrin, Stearyl Alcohol, Octyldodecyl Stearoyl Stearate, Xanthan Gum, Zea Mays Starch, Butylene Glycol, Polyhydroxystearic Acid, Tocopherol, Palmitic Acid, Octyldodecanol, Beta-Sitosterol, Phenoxyethanol, Ethylhexylglycerin, Sodium Benzoate, Sodium Hydroxide, Potassium Sorbate, Citric Acid, Sorbic Acid, Parfum",4.7,50.0,105.98,105.98,Ava,0.0,"water, glycerin, persea gratissima oil, polyglyceryl-4 laurate, cetearyl alcohol, stearic acid, polyglyceryl-2 stearate, prunus amygdalus dulcis oil, polyglyceryl-6 laurate, octyldodecyl oleate, olus oil, macadamia ternifolia seed oil, glyceryl stearate, stizolophus balsamita flower extract, larix gmelinii wood extract, caulerpa lentillifera extract, laminaria hyperborea extract, squalene, oleic acid, glycine soja oil, coenochloris signiensis extract, phospholipid, maltodextrin, stearyl alcohol, octyldodecyl stearoyl stearate, xanthan gum, zea mays starch, butylene glycol, polyhydroxystearic acid, tocopherol, palmitic acid, octyldodecanol, beta - sitosterol, phenoxyethanol, ethylhexylglycerin, sodium benzoate, sodium hydroxide, potassium sorbate, citric acid, sorbic acid, parfum"
Eveline Cosmetics Beauty&Glow,"rozświetlający krem do twarzy na dzień i noc, 75 ml",23,37.99,37.99,/eveline-cosmetics-rozswietlajacy-krem-do-twarzy-na-dzien-i-noc-75-ml-000000000000401456.html,Rozświetlające,"Aqua (Water),Cocos Nucifera Oil,Glycerin,Caprylic/Capric Triglyceride,Myrciaria Dubia Fruit Extract,Alpha-Glucan Oligosaccharide,Inulin,Polymnia Sonchifolia Root Juice,Ascorbyl Glucoside,Moringa Oleifera Seed Extract,Lactobacillus,Dicaprylyl Carbonate,Mica,Sodium Hyaluronate,Paeonia Lactiflora Root Extract,Tocopherol,Trehalose,Phenoxyethanol,Acrylates/C10-30 Alkyl Acrylate Crosspolymer,Hydroxyacetophenone,Sodium Hydroxide,Dimethicone,Ethylhexylglycerin,Sodium Polyacrylate,Maltodextrin,Dimethicone Crosspolymer,Synthetic Fluorphlogopite,Disodium Phosphate,Citric Acid,Sodium Benzoate,Potassium Sorbate,CI 77891 (Titanium Dioxide),CI 77491 (Iron Oxide),CI 19140,CI 17200,Parfum (Fragrance)",3.9,75.0,50.65,50.65,Eveline Cosmetics,0.0,"water (water),cocos nucifera oil, glycerin, caprylic,capric triglyceride, myrciaria dubia fruit extract, alpha - glucan oligosaccharide, inulin, polymnia sonchifolia root juice, ascorbyl glucoside, moringa oleifera seed extract, lactobacillus, dicaprylyl carbonate, mica, sodium hyaluronate, paeonia lactiflora root extract, tocopherol, trehalose, phenoxyethanol, acrylates,c10 - 30 alkyl acrylate crosspolymer, hydroxyacetophenone, sodium hydroxide, dimethicone, ethylhexylglycerin, sodium polyacrylate, maltodextrin, dimethicone crosspolymer, synthetic fluorphlogopite, disodium phosphate, citric acid, sodium benzoate, potassium sorbate, ci 77891 (titaniumdioxide),ci 77491 (ironoxide),ci 19140,ci 17200,parfum (fragrance)"
